@article{Alivisatos16021996,
author = {Alivisatos, A. P.}, 
title = {Semiconductor Clusters, Nanocrystals, and Quantum Dots},
volume = {271}, 
number = {5251}, 
pages = {933-937}, 
year = {1996}, 
doi = {10.1126/science.271.5251.933}, 
abstract ={Current research into semiconductor clusters is focused on the properties of quantum dots-fragments of semiconductor consisting of hundreds to many thousands of atoms-with the bulk bonding geometry and with surface states eliminated by enclosure in a material that has a larger band gap. Quantum dots exhibit strongly size-dependent optical and electrical properties. The ability to join the dots into complex assemblies creates many opportunities for scientific discovery.}, 
URL = {http://www.sciencemag.org/content/271/5251/933.abstract}, 
eprint = {http://www.sciencemag.org/content/271/5251/933.full.pdf}, 
journal = {Science} 
}

@article{PhysRevB.44.10945,
  title = {Intrinsic mechanism for the poor luminescence properties of quantum-box systems},
  author = {Benisty, H. and Sotomayor-Torr\`es, C. M. and Weisbuch, C.},
  journal = {Phys. Rev. B},
  volume = {44},
  issue = {19},
  pages = {10945--10948},
  numpages = {0},
  year = {1991},
  month = {Nov},
  publisher = {American Physical Society},
  doi = {10.1103/PhysRevB.44.10945},
  url = {http://link.aps.org/doi/10.1103/PhysRevB.44.10945}
}

@article{PhysRevB.42.8947,
  title = {Phonon scattering and energy relaxation in two-, one-, and zero-dimensional electron gases},
  author = {Bockelmann, U. and Bastard, G.},
  journal = {Phys. Rev. B},
  volume = {42},
  issue = {14},
  pages = {8947--8951},
  numpages = {0},
  year = {1990},
  month = {Nov},
  publisher = {American Physical Society},
  doi = {10.1103/PhysRevB.42.8947},
  url = {http://link.aps.org/doi/10.1103/PhysRevB.42.8947}
}

@article{PhysRevB.60.13740,
  title = {Electron and hole relaxation pathways in semiconductor quantum dots},
  author = {Klimov, V. I. and McBranch, D. W. and Leatherdale, C. A. and Bawendi, M. G.},
  journal = {Phys. Rev. B},
  volume = {60},
  issue = {19},
  pages = {13740--13749},
  numpages = {0},
  year = {1999},
  month = {Nov},
  publisher = {American Physical Society},
  doi = {10.1103/PhysRevB.60.13740},
  url = {http://link.aps.org/doi/10.1103/PhysRevB.60.13740}
}

@article{PhysRevB.60.R2181,
  title = {Intraband relaxation in CdSe quantum dots},
  author = {Guyot-Sionnest, Philippe and Shim, Moonsub and Matranga, Chris and Hines, Margaret},
  journal = {Phys. Rev. B},
  volume = {60},
  issue = {4},
  pages = {R2181--R2184},
  numpages = {0},
  year = {1999},
  month = {Jul},
  publisher = {American Physical Society},
  doi = {10.1103/PhysRevB.60.R2181},
  url = {http://link.aps.org/doi/10.1103/PhysRevB.60.R2181}
}

@article{PhysRevLett.96.057408,
  title = {Direct Observation of Electron-to-Hole Energy Transfer in CdSe Quantum Dots},
  author = {Hendry, E. and Koeberg, M. and Wang, F. and Zhang, H. and de Mello Doneg\'a, C. and Vanmaekelbergh, D. and Bonn, M.},
  journal = {Phys. Rev. Lett.},
  volume = {96},
  issue = {5},
  pages = {057408},
  numpages = {4},
  year = {2006},
  month = {Feb},
  publisher = {American Physical Society},
  doi = {10.1103/PhysRevLett.96.057408},
  url = {http://link.aps.org/doi/10.1103/PhysRevLett.96.057408}
}

@article{PhysRevLett.95.196401,
  title = {Breaking the Phonon Bottleneck in Semiconductor Nanocrystals via Multiphonon Emission Induced by Intrinsic Nonadiabatic Interactions},
  author = {Schaller, Richard D. and Pietryga, Jeffrey M. and Goupalov, Serguei V. and Petruska, Melissa A. and Ivanov, Sergei A. and Klimov, Victor I.},
  journal = {Phys. Rev. Lett.},
  volume = {95},
  issue = {19},
  pages = {196401},
  numpages = {4},
  year = {2005},
  month = {Oct},
  publisher = {American Physical Society},
  doi = {10.1103/PhysRevLett.95.196401},
  url = {http://link.aps.org/doi/10.1103/PhysRevLett.95.196401}
}

@article{PhysRevLett.80.4028,
  title = {Femtosecond 1P-to- 1S Electron Relaxation in Strongly Confined Semiconductor Nanocrystals},
  author = {Klimov, Victor I. and McBranch, Duncan W.},
  journal = {Phys. Rev. Lett.},
  volume = {80},
  issue = {18},
  pages = {4028--4031},
  numpages = {0},
  year = {1998},
  month = {May},
  publisher = {American Physical Society},
  doi = {10.1103/PhysRevLett.80.4028},
  url = {http://link.aps.org/doi/10.1103/PhysRevLett.80.4028}
}

@article{Efros1995281,
title = "Breaking the phonon bottleneck in nanometer quantum dots: Role of Auger-like processes ",
journal = "Solid State Comm. ",
volume = "93",
number = "4",
pages = "281 - 284",
year = "1995",
note = "",
issn = "0038-1098",
doi = "http://dx.doi.org/10.1016/0038-1098(94)00760-8",
url = "http://www.sciencedirect.com/science/article/pii/0038109894007608",
author = "Al. L. Efros and V.A. Kharchenko and M. Rosen"
}

@article{Wang23032001,
author = {Wang, Congjun and Shim, Moonsub and Guyot-Sionnest, Philippe}, 
title = {Electrochromic Nanocrystal Quantum Dots},
volume = {291}, 
number = {5512}, 
pages = {2390-2392}, 
year = {2001}, 
doi = {10.1126/science.291.5512.2390}, 
abstract ={Incorporating nanocrystals into future electronic or optoelectronic devices will require a means of controlling charge-injection processes and an understanding of how the injected charges affect the properties of nanocrystals. We show that the optical properties of colloidal semiconductor nanocrystal quantum dots can be tuned by an electrochemical potential. The injection of electrons into the quantum-confined states of the nanocrystal leads to an electrochromic response, including a strong, size-tunable, midinfrared absorption corresponding to an intraband transition, a bleach of the visible interband exciton transitions, and a quench of the narrow band-edge photoluminescence.}, 
URL = {http://www.sciencemag.org/content/291/5512/2390.abstract}, 
eprint = {http://www.sciencemag.org/content/291/5512/2390.full.pdf}, 
journal = {Science} 
}

@article{doi:10.1021/ja070099a,
author = {Robel, István and Kuno, Masaru and Kamat, Prashant V.},
title = {Size-Dependent Electron Injection from Excited CdSe Quantum Dots into TiO2 Nanoparticles},
journal = {J. Am. Chem. Soc.},
volume = {129},
number = {14},
pages = {4136-4137},
year = {2007},
doi = {10.1021/ja070099a},

URL = { 
        http://dx.doi.org/10.1021/ja070099a
    
},
eprint = { 
        http://dx.doi.org/10.1021/ja070099a
    
}

}

@article{doi:10.1021/jp9944132,
author = {Klimov, Victor I.},
title = {Optical Nonlinearities and Ultrafast Carrier Dynamics in Semiconductor Nanocrystals},
journal = {J. Phys. Chem. B},
volume = {104},
number = {26},
pages = {6112-6123},
year = {2000},
doi = {10.1021/jp9944132},

URL = { 
        http://dx.doi.org/10.1021/jp9944132
    
},
eprint = { 
        http://dx.doi.org/10.1021/jp9944132
    
}

}

@article{PhysRevB.65.045319,
  title = {Hole intraband relaxation in strongly confined quantum dots: Revisiting the ``phonon bottleneck'' problem},
  author = {Xu, S. and Mikhailovsky, A. A. and Hollingsworth, J. A. and Klimov, V. I.},
  journal = {Phys. Rev. B},
  volume = {65},
  issue = {4},
  pages = {045319},
  numpages = {5},
  year = {2002},
  month = {Jan},
  publisher = {American Physical Society},
  doi = {10.1103/PhysRevB.65.045319},
  url = {http://link.aps.org/doi/10.1103/PhysRevB.65.045319}
}

@article{PhysRevB.80.121403,
  title = {Time-resolved Raman spectroscopy of optical phonons in graphite: Phonon anharmonic coupling and anomalous stiffening},
  author = {Yan, Hugen and Song, Daohua and Mak, Kin Fai and Chatzakis, Ioannis and Maultzsch, Janina and Heinz, Tony F.},
  journal = {Phys. Rev. B},
  volume = {80},
  issue = {12},
  pages = {121403},
  numpages = {4},
  year = {2009},
  month = {Sep},
  publisher = {American Physical Society},
  doi = {10.1103/PhysRevB.80.121403},
  url = {http://link.aps.org/doi/10.1103/PhysRevB.80.121403}
}

@article{doi:10.1146/annurev.physchem.58.032806.104456,
author = {Kukura, Philipp and McCamant, David W. and Mathies, Richard A.},
title = {Femtosecond Stimulated Raman Spectroscopy},
journal = {Ann. Rev. Phys. Chem.},
volume = {58},
number = {1},
pages = {461-488},
year = {2007},
doi = {10.1146/annurev.physchem.58.032806.104456},

URL = { 
        http://dx.doi.org/10.1146/annurev.physchem.58.032806.104456
    
},
eprint = { 
        http://dx.doi.org/10.1146/annurev.physchem.58.032806.104456
    
}

}

@article{doi:10.1021/ja017002j,
author = {Qu, Lianhua and Peng, Xiaogang},
title = {Control of Photoluminescence Properties of CdSe Nanocrystals in Growth},
journal = {J. Am. Chem. Soc.},
volume = {124},
number = {9},
pages = {2049-2055},
year = {2002},
doi = {10.1021/ja017002j},

URL = { 
        http://dx.doi.org/10.1021/ja017002j
    
},
eprint = { 
        http://dx.doi.org/10.1021/ja017002j
    
}

}

@article{doi:10.1021/jz301107c,
author = {Brown, Kristen E. and Veldkamp, Brad S. and Co, Dick T. and Wasielewski, Michael R.},
title = {Vibrational Dynamics of a Perylene–Perylenediimide Donor–Acceptor Dyad Probed with Femtosecond Stimulated Raman Spectroscopy},
journal = {J. Phys. Chem. Lett.},
volume = {3},
number = {17},
pages = {2362-2366},
year = {2012},
doi = {10.1021/jz301107c},

URL = { 
        http://dx.doi.org/10.1021/jz301107c
    
},
eprint = { 
        http://dx.doi.org/10.1021/jz301107c
    
}

}

@article{aliviresodepolar,
year={1993},
issn={0178-7683},
journal={Zeitschrift für Physik D Atoms, Molecules and Clusters},
volume={26},
number={1},
doi={10.1007/BF01429194},
title={Resonance Raman depolarization in CdSe nanocrystals},
url={http://dx.doi.org/10.1007/BF01429194},
publisher={Springer-Verlag},
keywords={78.30.Fs; 78.65.Fa; 73.20.Dx},
author={Shiang, J.J. and Craig, I.M. and Alivisatos, A.P.},
pages={358-360},
language={English}
}

@article{DzhaganPhonon,
  title = {Phonon Spectra of Small Colloidal II-VI Semiconductor Nanocrystals},
  author = {Dzhagan, Volodymyr and Valakh, Mykhailo and Mel'nik, Nikolai and Rayevska, Olexandra and Lokteva, Irina and Kolny-Olesiak, Joanna and Zahn, Dietrich R.T.},
  journal = {Int. J. Spec.},
  volume = {2012},
  pages = {53285},
  numpages = {6},
  year = {2012},
  month = {Jun},
  publisher = {Hindawi},
  doi = {10.1155/2012/532385},
  url = {http://www.hindawi.com/journals/ijs/2012/532385/cta/}
}

@article{PhysRevLett.80.3105,
  title = {LO Phonon Renormalization in Optically Excited CuCl Nanocrystals},
  author = {Zimin, Lev and Nair, Selvakumar V. and Masumoto, Yasuaki},
  journal = {Phys. Rev. Lett.},
  volume = {80},
  issue = {14},
  pages = {3105--3108},
  numpages = {0},
  year = {1998},
  month = {Apr},
  publisher = {American Physical Society},
  doi = {10.1103/PhysRevLett.80.3105},
  url = {http://link.aps.org/doi/10.1103/PhysRevLett.80.3105}
}

@ARTICLE{1996JETP...83..610F,
   author = {{Fedorov}, A.~V. and {Baranov}, A.~V.},
    title = "{Exciton-vibrational interaction of the Fr{\"o}hlich type in quasi-zero-size systems}",
  journal = {Sov. J. Exp. Theo. Phys.},
     year = 1996,
    month = sep,
   volume = 83,
    pages = {610-618},
   adsurl = {http://adsabs.harvard.edu/abs/1996JETP...83..610F},
  adsnote = {Provided by the SAO/NASA Astrophysics Data System}
}

@article{Eesley1979507,
title = "Coherent raman spectroscopy ",
journal = "J. Quant. Spec. Rad. Trans. ",
volume = "22",
number = "6",
pages = "507 - 576",
year = "1979",
note = "",
issn = "0022-4073",
doi = "http://dx.doi.org/10.1016/0022-4073(79)90045-1",
url = "http://www.sciencedirect.com/science/article/pii/0022407379900451",
author = "G.L. Eesley"
}

@article{PhysRevLett.107.043001,
  title = {Femtosecond Stimulated Raman Scattering Picosecond Molecular Thermometry in Condensed Phases},
  author = {Dang, N. C. and Bolme, C. A. and Moore, D. S. and McGrane, S. D.},
  journal = {Phys. Rev. Lett.},
  volume = {107},
  issue = {4},
  pages = {043001},
  numpages = {4},
  year = {2011},
  month = {Jul},
  publisher = {American Physical Society},
  doi = {10.1103/PhysRevLett.107.043001},
  url = {http://link.aps.org/doi/10.1103/PhysRevLett.107.043001}
}

@article{:/content/aip/journal/jcp/98/11/10.1063/1.464501,
   author = "Shiang, J. J. and Risbud, S. H. and Alivisatos, A. P.",
   title = "Resonance Raman studies of the ground and lowest electronic excited state in CdS nanocrystals",
   journal = "J. Chem. Phys.",
   year = "1993",
   volume = "98",
   number = "11", 
   eid = ,
   pages = "8432-8442",
   url = "http://scitation.aip.org/content/aip/journal/jcp/98/11/10.1063/1.464501",
   doi = "http://dx.doi.org/10.1063/1.464501" 
}

@article{0295-5075-101-1-16001,
  author={Tengfei Luo and Jivtesh Garg and Junichiro Shiomi and Keivan Esfarjani and Gang Chen},
  title={Gallium arsenide thermal conductivity and optical phonon relaxation times from first-principles calculations},
  journal={EPL (Europhys. Lett.)},
  volume={101},
  number={1},
  pages={16001},
  url={http://stacks.iop.org/0295-5075/101/i=1/a=16001},
  year={2013},
  abstract={In this paper, thermal conductivity of crystalline GaAs is calculated using first-principles lattice dynamics. The harmonic and cubic force constants are obtained by fitting them to the force-displacement data from density functional theory calculations. Phonon dispersion is calculated from a dynamical matrix constructed using the harmonic force constants and phonon relaxation times are calculated using Fermi's Golden rule. The calculated GaAs thermal conductivity agrees well with experimental data. Thermal conductivity accumulations as a function of the phonon mean free path and as a function of the wavelength are obtained. Our results predict a significant size effect on the GaAs thermal conductivity in the nanoscale. Relaxation times of optical phonons and their contributions from different scattering channels are also studied. Such information will help the understanding of hot phonon effects in GaAs-based devices.}
}

@article{PhysRevLett.107.177403,
  title = {Observation of Size-Dependent Thermalization in CdSe Nanocrystals Using Time-Resolved Photoluminescence Spectroscopy},
  author = {Hannah, Daniel C. and Dunn, Nicholas J. and Ithurria, Sandrine and Talapin, Dmitri V. and Chen, Lin X. and Pelton, Matthew and Schatz, George C. and Schaller, Richard D.},
  journal = {Phys. Rev. Lett.},
  volume = {107},
  issue = {17},
  pages = {177403},
  numpages = {5},
  year = {2011},
  month = {Oct},
  publisher = {American Physical Society},
  doi = {10.1103/PhysRevLett.107.177403},
  url = {http://link.aps.org/doi/10.1103/PhysRevLett.107.177403}
}

@article{:/content/aip/journal/apl/82/17/10.1063/1.1570923,
   author = "Crooker, S. A. and Barrick, T. and Hollingsworth, J. A. and Klimov, V. I.",
   title = "Multiple temperature regimes of radiative decay in CdSe nanocrystal quantum dots: Intrinsic limits to the dark-exciton lifetime",
   journal = "Appl. Phys. Lett.",
   year = "2003",
   volume = "82",
   number = "17", 
   eid = ,
   pages = "2793-2795",
   url = "http://scitation.aip.org/content/aip/journal/apl/82/17/10.1063/1.1570923",
   doi = "http://dx.doi.org/10.1063/1.1570923" 
}

@article{doi:10.1021/nn9001177,
author = {Jha, Praket P. and Guyot-Sionnest, Philippe},
title = {Trion Decay in Colloidal Quantum Dots},
journal = {ACS Nano},
volume = {3},
number = {4},
pages = {1011-1015},
year = {2009},
doi = {10.1021/nn9001177},

URL = { 
        http://dx.doi.org/10.1021/nn9001177
    
},
eprint = { 
        http://dx.doi.org/10.1021/nn9001177
    
}

}

@article{PhysRevB.77.235321,
  title = {Size dependent, state-resolved studies of exciton-phonon couplings in strongly confined semiconductor quantum dots},
  author = {Sagar, D. M. and Cooney, Ryan R. and Sewall, Samuel L. and Dias, Eva A. and Barsan, Mirela M. and Butler, Ian S. and Kambhampati, Patanjali},
  journal = {Phys. Rev. B},
  volume = {77},
  issue = {23},
  pages = {235321},
  numpages = {14},
  year = {2008},
  month = {Jun},
  publisher = {American Physical Society},
  doi = {10.1103/PhysRevB.77.235321},
  url = {http://link.aps.org/doi/10.1103/PhysRevB.77.235321}
}

@article{PhysRevB.50.15461,
  title = {Large reduction in hot-carrier energy-loss rates in CdSe caused by nonequilibrium optical phonons},
  author = {Vengurlekar, A. S. and Prabhu, S. S. and Roy, S. K. and Shah, Jagdeep},
  journal = {Phys. Rev. B},
  volume = {50},
  issue = {20},
  pages = {15461--15464},
  numpages = {0},
  year = {1994},
  month = {Nov},
  publisher = {American Physical Society},
  doi = {10.1103/PhysRevB.50.15461},
  url = {http://link.aps.org/doi/10.1103/PhysRevB.50.15461}
}

@article{doi:10.1021/jp206594e,
author = {Kilina, Svetlana V. and Kilin, Dmitri S. and Prezhdo, Victor V. and Prezhdo, Oleg V.},
title = {Theoretical Study of Electron–Phonon Relaxation in PbSe and CdSe Quantum Dots: Evidence for Phonon Memory},
journal = {J. Phys. Chem. C},
volume = {115},
number = {44},
pages = {21641-21651},
year = {2011},
doi = {10.1021/jp206594e},

URL = { 
        http://dx.doi.org/10.1021/jp206594e
    
},
eprint = { 
        http://dx.doi.org/10.1021/jp206594e
    
}

}

@article{doi:10.1021/nl9002969,
author = {Anikeeva, Polina O. and Halpert, Jonathan E. and Bawendi, Moungi G. and Bulović, Vladimir},
title = {Quantum Dot Light-Emitting Devices with Electroluminescence Tunable over the Entire Visible Spectrum},
journal = {Nano Lett.},
volume = {9},
number = {7},
pages = {2532-2536},
year = {2009},
doi = {10.1021/nl9002969},
URL = { 
        http://dx.doi.org/10.1021/nl9002969
    
},
eprint = { 
        http://dx.doi.org/10.1021/nl9002969
    
}

}

@article{doi:10.1146/annurev.bioeng.7.060804.100432,
author = {Alivisatos, A. Paul and Gu, Weiwei and Larabell, Carolyn},
title = {QUANTUM DOTS AS CELLULAR PROBES},
journal = {Ann. Rev. Biomed. Eng.},
volume = {7},
number = {1},
pages = {55-76},
year = {2005},
doi = {10.1146/annurev.bioeng.7.060804.100432},
URL = { 
        http://dx.doi.org/10.1146/annurev.bioeng.7.060804.100432
    
},
eprint = { 
        http://dx.doi.org/10.1146/annurev.bioeng.7.060804.100432
    
}

}

@article{Huynh29032002,
author = {Huynh, Wendy U. and Dittmer, Janke J. and Alivisatos, A. Paul}, 
title = {Hybrid Nanorod-Polymer Solar Cells},
volume = {295}, 
number = {5564}, 
pages = {2425-2427}, 
year = {2002}, 
doi = {10.1126/science.1069156}, 
abstract ={We demonstrate that semiconductor nanorods can be used to fabricate readily processed and efficient hybrid solar cells together with polymers. By controlling nanorod length, we can change the distance on which electrons are transported directly through the thin film device. Tuning the band gap by altering the nanorod radius enabled us to optimize the overlap between the absorption spectrum of the cell and the solar emission spectrum. A photovoltaic device consisting of 7-nanometer by 60-nanometer CdSe nanorods and the conjugated polymer poly-3(hexylthiophene) was assembled from solution with an external quantum efficiency of over 54% and a monochromatic power conversion efficiency of 6.9% under 0.1 milliwatt per square centimeter illumination at 515 nanometers. Under Air Mass (A.M.) 1.5 Global solar conditions, we obtained a power conversion efficiency of 1.7%.}, 
URL = {http://www.sciencemag.org/content/295/5564/2425.abstract}, 
eprint = {http://www.sciencemag.org/content/295/5564/2425.full.pdf}, 
journal = {Science} 
}

@article{Hsu06022004,
author = {Hsu, Kuei Fang and Loo, Sim and Guo, Fu and Chen, Wei and Dyck, Jeffrey S. and Uher, Ctirad and Hogan, Tim and Polychroniadis, E. K. and Kanatzidis, Mercouri G.}, 
title = {Cubic AgPbmSbTe2+m: Bulk Thermoelectric Materials with High Figure of Merit},
volume = {303}, 
number = {5659}, 
pages = {818-821}, 
year = {2004}, 
doi = {10.1126/science.1092963}, 
abstract ={The conversion of heat to electricity by thermoelectric devices may play a key role in the future for energy production and utilization. However, in order to meet that role, more efficient thermoelectric materials are needed that are suitable for high-temperature applications. We show that the material system AgPbmSbTe2+m may be suitable for this purpose. With m = 10 and 18 and doped appropriately, n-type semiconductors can be produced that exhibit a high thermoelectric figure of merit material ZTmax of ∼2.2 at 800 kelvin. In the temperature range 600 to 900 kelvin, the AgPbmSbTe2+m material is expected to outperform all reported bulk thermoelectrics, thereby earmarking it as a material system for potential use in efficient thermoelectric power generation from heat sources.}, 
URL = {http://www.sciencemag.org/content/303/5659/818.abstract}, 
eprint = {http://www.sciencemag.org/content/303/5659/818.full.pdf}, 
journal = {Science} 
}

@article{Talapin07102005,
author = {Talapin, Dmitri V. and Murray, Christopher B.}, 
title = {PbSe Nanocrystal Solids for n- and p-Channel Thin Film Field-Effect Transistors},
volume = {310}, 
number = {5745}, 
pages = {86-89}, 
year = {2005}, 
doi = {10.1126/science.1116703}, 
abstract ={Initially poorly conducting PbSe nanocrystal solids (quantum dot arrays or superlattices) can be chemically “activated” to fabricate n- and p-channel field effect transistors with electron and hole mobilities of 0.9 and 0.2 square centimeters per volt-second, respectively; with current modulations of about 103 to 104; and with current density approaching 3 × 104 amperes per square centimeter. Chemical treatments engineer the interparticle spacing, electronic coupling, and doping while passivating electronic traps. These nanocrystal field-effect transistors allow reversible switching between n- and p-transport, providing options for complementary metal oxide semiconductor circuits and enabling a range of low-cost, large-area electronic, optoelectronic, thermoelectric, and sensing applications.}, 
URL = {http://www.sciencemag.org/content/310/5745/86.abstract}, 
eprint = {http://www.sciencemag.org/content/310/5745/86.full.pdf}, 
journal = {Science} 
}

@article{:/content/aip/journal/jcp/96/2/10.1063/1.462114,
   author = "Bawendi, M. G. and Carroll, P. J. and Wilson, William L. and Brus, L. E.",
   title = "Luminescence properties of CdSe quantum crystallites: Resonance between interior and surface localized states",
   journal = "J. Chem. Phys.",
   year = "1992",
   volume = "96",
   number = "2", 
   eid = ,
   pages = "946-954",
   url = "http://scitation.aip.org/content/aip/journal/jcp/96/2/10.1063/1.462114",
   doi = "http://dx.doi.org/10.1063/1.462114" 
}

@article{PhysRevLett.75.3728,
  title = {Observation of the "Dark Exciton" in CdSe Quantum Dots},
  author = {Nirmal, M. and Norris, D. J. and Kuno, M. and Bawendi, M. G. and Efros, Al. L. and Rosen, M.},
  journal = {Phys. Rev. Lett.},
  volume = {75},
  issue = {20},
  pages = {3728--3731},
  numpages = {0},
  year = {1995},
  month = {Nov},
  publisher = {American Physical Society},
  doi = {10.1103/PhysRevLett.75.3728},
  url = {http://link.aps.org/doi/10.1103/PhysRevLett.75.3728}
}

@article{PhysRevB.54.4843,
  title = {Band-edge exciton in quantum dots of semiconductors with a degenerate valence band: Dark and bright exciton states},
  author = {Efros, Al. L. and Rosen, M. and Kuno, M. and Nirmal, M. and Norris, D. J. and Bawendi, M.},
  journal = {Phys. Rev. B},
  volume = {54},
  issue = {7},
  pages = {4843--4856},
  numpages = {0},
  year = {1996},
  month = {Aug},
  publisher = {American Physical Society},
  doi = {10.1103/PhysRevB.54.4843},
  url = {http://link.aps.org/doi/10.1103/PhysRevB.54.4843}
}

@article{PhysRevB.60.1819,
  title = {Many-body pseudopotential theory of excitons in InP and CdSe quantum dots},
  author = {Franceschetti, A. and Fu, H. and Wang, L. W. and Zunger, A.},
  journal = {Phys. Rev. B},
  volume = {60},
  issue = {3},
  pages = {1819--1829},
  numpages = {0},
  year = {1999},
  month = {Jul},
  publisher = {American Physical Society},
  doi = {10.1103/PhysRevB.60.1819},
  url = {http://link.aps.org/doi/10.1103/PhysRevB.60.1819}
}

@article{doi:10.1021/jp051738b,
author = {Furis, Madalina and Hollingsworth, Jennifer A. and Klimov, Victor I. and Crooker, Scott A.},
title = {Time- and Polarization-Resolved Optical Spectroscopy of Colloidal CdSe Nanocrystal Quantum Dots in High Magnetic Fields},
journal = {J. Phys. Chem. B},
volume = {109},
number = {32},
pages = {15332-15338},
year = {2005},
doi = {10.1021/jp051738b},

URL = { 
        http://dx.doi.org/10.1021/jp051738b
    
},
eprint = { 
        http://dx.doi.org/10.1021/jp051738b
    
}

}

@article{PhysRevB.74.085320,
  title = {Size- and temperature-dependence of exciton lifetimes in CdSe quantum dots},
  author = {de Mello Doneg\'a, C. and Bode, M. and Meijerink, A.},
  journal = {Phys. Rev. B},
  volume = {74},
  issue = {8},
  pages = {085320},
  numpages = {9},
  year = {2006},
  month = {Aug},
  publisher = {American Physical Society},
  doi = {10.1103/PhysRevB.74.085320},
  url = {http://link.aps.org/doi/10.1103/PhysRevB.74.085320}
}

@article{PhysRevLett.102.177402,
  title = {Universal Role of Discrete Acoustic Phonons in the Low-Temperature Optical Emission of Colloidal Quantum Dots},
  author = {Oron, Dan and Aharoni, Assaf and de Mello Donega, Celso and van Rijssel, Jos and Meijerink, Andries and Banin, Uri},
  journal = {Phys. Rev. Lett.},
  volume = {102},
  issue = {17},
  pages = {177402},
  numpages = {4},
  year = {2009},
  month = {Apr},
  publisher = {American Physical Society},
  doi = {10.1103/PhysRevLett.102.177402},
  url = {http://link.aps.org/doi/10.1103/PhysRevLett.102.177402}
}

@article{PhysRevB.73.125322,
  title = {Effect of nanocrystal growth conditions on exciton decay and spin dephasing in an ensemble of CdSe nanocrystals grown in glass},
  author = {Filin, A. I. and Persans, P. D. and Babocsi, K. and Schmitt, M. and Kiefer, W. and Kulakovskii, V. D. and Gippius, N. A.},
  journal = {Phys. Rev. B},
  volume = {73},
  issue = {12},
  pages = {125322},
  numpages = {10},
  year = {2006},
  month = {Mar},
  publisher = {American Physical Society},
  doi = {10.1103/PhysRevB.73.125322},
  url = {http://link.aps.org/doi/10.1103/PhysRevB.73.125322}
}

@article{doi:10.1021/jp020581+,
author = {Hu, Min and Hartland, Gregory V.},
title = {Heat Dissipation for Au Particles in Aqueous Solution:  Relaxation Time versus Size},
journal = {J. Phys. Chem. B},
volume = {106},
number = {28},
pages = {7029-7033},
year = {2002},
doi = {10.1021/jp020581+},

URL = { 
        http://dx.doi.org/10.1021/jp020581+
    
},
eprint = { 
        http://dx.doi.org/10.1021/jp020581+
    
}

}

@article{PhysRevB.66.224301,
  title = {Colloidal metal particles as probes of nanoscale thermal transport in fluids},
  author = {Wilson, Orla M. and Hu, Xiaoyuan and Cahill, David G. and Braun, Paul V.},
  journal = {Phys. Rev. B},
  volume = {66},
  issue = {22},
  pages = {224301},
  numpages = {6},
  year = {2002},
  month = {Dec},
  publisher = {American Physical Society},
  doi = {10.1103/PhysRevB.66.224301},
  url = {http://link.aps.org/doi/10.1103/PhysRevB.66.224301}
}

@article{doi:10.1021/jp048375k,
author = {Ge, Zhenbin and Cahill, David G. and Braun, Paul V.},
title = {AuPd Metal Nanoparticles as Probes of Nanoscale Thermal Transport in Aqueous Solution},
journal = {J. Phys. Chem. B},
volume = {108},
number = {49},
pages = {18870-18875},
year = {2004},
doi = {10.1021/jp048375k},

URL = { 
        http://dx.doi.org/10.1021/jp048375k
    
},
eprint = { 
        http://dx.doi.org/10.1021/jp048375k
    
}

}

@article{doi:10.1021/nl061414e,
author = {Scholes, Gregory D. and Kim, Jeongho and Wong, Cathy Y. and Huxter, Vanessa M. and Nair, P. Sreekumari and Fritz, Karolina P. and Kumar, Sandeep},
title = {Nanocrystal Shape and the Mechanism of Exciton Spin Relaxation},
journal = {Nano Lett.},
volume = {6},
number = {8},
pages = {1765-1771},
year = {2006},
doi = {10.1021/nl061414e},

URL = { 
        http://dx.doi.org/10.1021/nl061414e
    
},
eprint = { 
        http://dx.doi.org/10.1021/nl061414e
    
}

}

@article{doi:10.1021/nl803275a,
author = {Huxter, Vanessa M. and Lee, Anna and Lo, Shun S. and Scholes, Gregory D.},
title = {CdSe Nanoparticle Elasticity and Surface Energy},
journal = {Nano Lett.},
volume = {9},
number = {1},
pages = {405-409},
year = {2009},
doi = {10.1021/nl803275a},

URL = { 
        http://dx.doi.org/10.1021/nl803275a
    
},
eprint = { 
        http://dx.doi.org/10.1021/nl803275a
    
}

}

@article{:/content/aip/journal/jcp/132/10/10.1063/1.3350871,
   author = "Huxter, Vanessa M. and Scholes, Gregory D.",
   title = "Acoustic phonon strain induced mixing of the fine structure levels in colloidal CdSe quantum dots observed by a polarization grating technique",
   journal = "J. Chem. Phys.",
   year = "2010",
   volume = "132",
   number = "10", 
   eid = 104506,
   pages = "-",
   url = "http://scitation.aip.org/content/aip/journal/jcp/132/10/10.1063/1.3350871",
   doi = "http://dx.doi.org/10.1063/1.3350871" 
}

@article{doi:10.1021/jp0669052,
author = {Kilina, Svetlana V. and Craig, Colleen F. and Kilin, Dmitri S. and Prezhdo, Oleg V.},
title = {Ab Initio Time-Domain Study of Phonon-Assisted Relaxation of Charge Carriers in a PbSe Quantum Dot},
journal = {J. Phys. Chem. C},
volume = {111},
number = {12},
pages = {4871-4878},
year = {2007},
doi = {10.1021/jp0669052},

URL = { 
        http://dx.doi.org/10.1021/jp0669052
    
},
eprint = { 
        http://dx.doi.org/10.1021/jp0669052
    
}

}

@article{ong2013surface,
  title={Surface chemistry mediates thermal transport in three-dimensional nanocrystal arrays},
  author={Ong, Wee-Liat and Rupich, Sara M and Talapin, Dmitri V and McGaughey, Alan JH and Malen, Jonathan A},
  journal={Nat. Mater.},
  volume={12},
  number={5},
  pages={410--415},
  year={2013},
  publisher={Nature Publishing Group}
}

@article{RevModPhys.61.605,
  title = {Thermal boundary resistance},
  author = {Swartz, E. T. and Pohl, R. O.},
  journal = {Rev. Mod. Phys.},
  volume = {61},
  issue = {3},
  pages = {605--668},
  numpages = {0},
  year = {1989},
  month = {Jul},
  publisher = {American Physical Society},
  doi = {10.1103/RevModPhys.61.605},
  url = {http://link.aps.org/doi/10.1103/RevModPhys.61.605}
}

@article{doi:10.1139/p59-037,
author = {W. A. Little},
title = {THE TRANSPORT OF HEAT BETWEEN DISSIMILAR SOLIDS AT LOW TEMPERATURES},
journal = {Can. J. Phys.},
volume = {37},
number = {3},
pages = {334-349},
year = {1959},
doi = {10.1139/p59-037},

URL = { 
        http://dx.doi.org/10.1139/p59-037
    
},
eprint = { 
        http://dx.doi.org/10.1139/p59-037
    
}

}

@article{PhysRevB.80.165304,
  title = {Thermal boundary resistance predictions from molecular dynamics simulations and theoretical calculations},
  author = {Landry, E. S. and McGaughey, A. J. H.},
  journal = {Phys. Rev. B},
  volume = {80},
  issue = {16},
  pages = {165304},
  numpages = {11},
  year = {2009},
  month = {Oct},
  publisher = {American Physical Society},
  doi = {10.1103/PhysRevB.80.165304},
  url = {http://link.aps.org/doi/10.1103/PhysRevB.80.165304}
}

@article{doi:10.1021/jp2073478,
author = {Kuang, Shenyu and Gezelter, J. Daniel},
title = {Simulating Interfacial Thermal Conductance at Metal-Solvent Interfaces: The Role of Chemical Capping Agents},
journal = {J. Phys. Chem. C},
volume = {115},
number = {45},
pages = {22475-22483},
year = {2011},
doi = {10.1021/jp2073478},

URL = { 
        http://dx.doi.org/10.1021/jp2073478
    
},
eprint = { 
        http://dx.doi.org/10.1021/jp2073478
    
}

}

@article{luo2010equilibrium,
  title={Equilibrium molecular dynamics study of lattice thermal conductivity/conductance of Au-SAM-Au junctions},
  author={Luo, Tengfei and Lloyd, John R},
  journal={J. Heat. Trans.},
  volume={132},
  number={3},
  pages={032401},
  year={2010},
  publisher={American Society of Mechanical Engineers}
}


@article{Luo20101,
title = "Non-equilibrium molecular dynamics study of thermal energy transport in Au–SAM–Au junctions ",
journal = "Int. J. Heat Mass Trans.r ",
volume = "53",
number = "1–3",
pages = "1 - 11",
year = "2010",
note = "",
issn = "0017-9310",
doi = "http://dx.doi.org/10.1016/j.ijheatmasstransfer.2009.10.033",
url = "http://www.sciencedirect.com/science/article/pii/S0017931009005742",
author = "Tengfei Luo and John R. Lloyd",
keywords = "Molecular dynamics",
keywords = "Non-equilibrium",
keywords = "\{SAM\}",
keywords = "Thermal conductance",
keywords = "Phonon",
keywords = "Vibration ",
abstract = "Non-equilibrium molecular dynamics (NEMD) simulations were performed on Au–SAM (self-assembly monolayer)–Au junctions to study the thermal energy transport across the junctions. Thermal conductance of the Au–SAM interfaces was calculated. Temperature effects, simulated external pressure effects, \{SAM\} molecule coverage effects and Au–SAM bond strength effects on the interfacial thermal conductance were studied. It was found that the interfacial thermal conductance increased with temperature increase at temperatures lower than 250&#xa0;K, but it did not have large changes at temperatures from 250 to 400&#xa0;K. Such a trend was found to be similar to experimental observations on similar junctions. The simulated external pressure did not affect the interfacial thermal conductance. \{SAM\} molecule coverage and Au–SAM bond strength were found to significantly affect on the thermal conductance. The vibration densities of state (VDOS) were calculated to explore the mechanism of thermal energy transport. Interfacial thermal resistance was found mainly due to the limited population of low-frequency vibration modes of the \{SAM\} molecule. Ballistic energy transport inside the \{SAM\} molecules was confirmed, and the anharmonicity played an important role in energy transport across the junctions. A heat pulse was imposed on the junction substrate, and heat dissipation inside the junction was studied. Analysis of the junction response to the heat pulse showed that the Au–SAM interfacial thermal resistance was much larger than the Au substrate and \{SAM\} resistances separately. This work showed that both the Au substrate and \{SAM\} molecules transported thermal energy efficiently, and it was the Au–SAM interfaces that dominated the thermal energy transport across the Au–SAM–Au junctions. "
}

@article{doi:10.1021/jp410054j,
author = {Chen, Xiaoling and Munjiza, Antonio and Zhang, Kai and Wen, Dongsheng},
title = {Molecular Dynamics Simulation of Heat Transfer from a Gold Nanoparticle to a Water Pool},
journal = {J. Phys. Chem. C},
volume = {118},
number = {2},
pages = {1285-1293},
year = {2014},
doi = {10.1021/jp410054j},

URL = { 
        http://dx.doi.org/10.1021/jp410054j
    
},
eprint = { 
        http://dx.doi.org/10.1021/jp410054j
    
}

}

@article{doi:10.1021/ct500221u,
author = {Stocker, Kelsey M. and Gezelter, J. Daniel},
title = {A Method for Creating Thermal and Angular Momentum Fluxes in Nonperiodic Simulations},
journal = {J. Chem. Theory Comput.},
volume = {10},
number = {5},
pages = {1878-1886},
year = {2014},
doi = {10.1021/ct500221u},

URL = { 
        http://dx.doi.org/10.1021/ct500221u
    
},
eprint = { 
        http://dx.doi.org/10.1021/ct500221u
    
}

}

@article{doi:10.1021/jp4120157,
author = {Ong, Wee-Liat and Majumdar, Shubhaditya and Malen, Jonathan A. and McGaughey, Alan J. H.},
title = {Coupling of Organic and Inorganic Vibrational States and Their Thermal Transport in Nanocrystal Arrays},
journal = {J. Phys. Chem. C},
volume = {118},
number = {14},
pages = {7288-7295},
year = {2014},
doi = {10.1021/jp4120157},

URL = { 
        http://dx.doi.org/10.1021/jp4120157
    
},
eprint = { 
        http://dx.doi.org/10.1021/jp4120157
    
}

}

@article{:/content/aip/journal/jcp/116/1/10.1063/1.1424321,
   author = "Rabani, Eran",
   title = "An interatomic pair potential for cadmium selenide",
   journal = "J. Chem. Phys.",
   year = "2002",
   volume = "116",
   number = "1", 
   eid = ,
   pages = "258-262",
   url = "http://scitation.aip.org/content/aip/journal/jcp/116/1/10.1063/1.1424321",
   doi = "http://dx.doi.org/10.1063/1.1424321" 
}

@article{PhysRevB.65.144306,
  title = {Comparison of atomic-level simulation methods for computing thermal conductivity},
  author = {Schelling, Patrick K. and Phillpot, Simon R. and Keblinski, Pawel},
  journal = {Phys. Rev. B},
  volume = {65},
  issue = {14},
  pages = {144306},
  numpages = {12},
  year = {2002},
  month = {Apr},
  publisher = {American Physical Society},
  doi = {10.1103/PhysRevB.65.144306},
  url = {http://link.aps.org/doi/10.1103/PhysRevB.65.144306}
}

@article{doi:10.1080/00268976.2012.680512,
author = { Shenyu   Kuang  and  J.   Daniel   Gezelter },
title = {Velocity shearing and scaling RNEMD: a minimally perturbing method for simulating temperature and momentum gradients},
journal = {Mol. Phys.},
volume = {110},
number = {9-10},
pages = {691-701},
year = {2012},
doi = {10.1080/00268976.2012.680512},

URL = { 
        http://dx.doi.org/10.1080/00268976.2012.680512
    
},
eprint = { 
        http://dx.doi.org/10.1080/00268976.2012.680512
    
}

}

@article{:/content/aip/journal/jcp/106/14/10.1063/1.473271,
   author = "Müller-Plathe, Florian",
   title = "A simple nonequilibrium molecular dynamics method for calculating the thermal conductivity",
   journal = "J. Chem. Phys.",
   year = "1997",
   volume = "106",
   number = "14", 
   eid = ,
   pages = "6082-6085",
   url = "http://scitation.aip.org/content/aip/journal/jcp/106/14/10.1063/1.473271",
   doi = "http://dx.doi.org/10.1063/1.473271" 
}

@article{PhysRevE.59.4894,
  title = {Reversing the perturbation in nonequilibrium molecular dynamics: An easy way to calculate the shear viscosity of fluids},
  author = {M\"uller-Plathe, Florian},
  journal = {Phys. Rev. E},
  volume = {59},
  issue = {5},
  pages = {4894--4898},
  numpages = {0},
  year = {1999},
  month = {May},
  publisher = {American Physical Society},
  doi = {10.1103/PhysRevE.59.4894},
  url = {http://link.aps.org/doi/10.1103/PhysRevE.59.4894}
}

@article{:/content/aip/journal/jcp/132/1/10.1063/1.3276454,
   author = "Tenney, Craig M. and Maginn, Edward J.",
   title = "Limitations and recommendations for the calculation of shear viscosity using reverse nonequilibrium molecular dynamics",
   journal = "J. Chem. Phys.",
   year = "2010",
   volume = "132",
   number = "1", 
   eid = 014103,
   pages = "-",
   url = "http://scitation.aip.org/content/aip/journal/jcp/132/1/10.1063/1.3276454",
   doi = "http://dx.doi.org/10.1063/1.3276454" 
}

@article{PhysRevLett.96.255701,
  title = {Mechanisms of the Wurtzite to Rocksalt Transformation in CdSe Nanocrystals},
  author = {Gr\"unwald, Michael and Rabani, Eran and Dellago, Christoph},
  journal = {Phys. Rev. Lett.},
  volume = {96},
  issue = {25},
  pages = {255701},
  numpages = {4},
  year = {2006},
  month = {Jun},
  publisher = {American Physical Society},
  doi = {10.1103/PhysRevLett.96.255701},
  url = {http://link.aps.org/doi/10.1103/PhysRevLett.96.255701}
}

@article{doi:10.1021/nl3007165,
author = {Grünwald, Michael and Lutker, Katie and Alivisatos, A. Paul and Rabani, Eran and Geissler, Phillip L.},
title = {Metastability in Pressure-Induced Structural Transformations of CdSe/ZnS Core/Shell Nanocrystals},
journal = {Nano Lett.},
volume = {13},
number = {4},
pages = {1367-1372},
year = {2013},
doi = {10.1021/nl3007165},

URL = { 
        http://dx.doi.org/10.1021/nl3007165
    
},
eprint = { 
        http://dx.doi.org/10.1021/nl3007165
    
}

}

@article{doi:10.1021/nn201475d,
author = {Kelley, Anne Myers},
title = {Electron–Phonon Coupling in CdSe Nanocrystals from an Atomistic Phonon Model},
journal = {ACS Nano},
volume = {5},
number = {6},
pages = {5254-5262},
year = {2011},
doi = {10.1021/nn201475d},

URL = { 
        http://dx.doi.org/10.1021/nn201475d
    
},
eprint = { 
        http://dx.doi.org/10.1021/nn201475d
    
}

}

@article{chantrenne2004finite,
  title={Finite size effects in determination of thermal conductivities: Comparing molecular dynamics results with simple models},
  author={Chantrenne, Patrice and Barrat, Jean-Louis},
  journal={J. Heat. Trans.},
  volume={126},
  number={4},
  pages={577--585},
  year={2004},
  publisher={American Society of Mechanical Engineers}
}

@book{berger1996semiconductor,
  title={Semiconductor Materials},
  author={Berger, Lev I},
  year={1996},
  publisher={CRC press}
}

@article{PhysRevB.6.3791,
  title = {Thermal Conductivity of II-VI Compounds and Phonon Scattering by ${\mathrm{Fe}}^{2+}$ Impurities},
  author = {Slack, Glen A.},
  journal = {Phys. Rev. B},
  volume = {6},
  issue = {10},
  pages = {3791--3800},
  numpages = {0},
  year = {1972},
  month = {Nov},
  publisher = {American Physical Society},
  doi = {10.1103/PhysRevB.6.3791},
  url = {http://link.aps.org/doi/10.1103/PhysRevB.6.3791}
}

@article{doi:10.1021/nl400531f,
author = {Feser, Joseph P. and Chan, Emory M. and Majumdar, Arun and Segalman, Rachel A. and Urban, Jeffrey J.},
title = {Ultralow Thermal Conductivity in Polycrystalline CdSe Thin Films with Controlled Grain Size},
journal = {Nano Lett.},
volume = {13},
number = {5},
pages = {2122-2127},
year = {2013},
doi = {10.1021/nl400531f},

URL = { 
        http://dx.doi.org/10.1021/nl400531f
    
},
eprint = { 
        http://dx.doi.org/10.1021/nl400531f
    
}

}

@article{doi:10.1021/nl0485861,
author = {Puzder, Aaron and Williamson, Andrew J. and Zaitseva, Natalia and Galli, Giulia and Manna, Liberato and Alivisatos, A. Paul},
title = {The Effect of Organic Ligand Binding on the Growth of CdSe Nanoparticles Probed by Ab Initio Calculations},
journal = {Nano Lett.},
volume = {4},
number = {12},
pages = {2361-2365},
year = {2004},
doi = {10.1021/nl0485861},

URL = { 
        http://dx.doi.org/10.1021/nl0485861
    
},
eprint = { 
        http://dx.doi.org/10.1021/nl0485861
    
}

}

@article{shen2010polyethylene,
  title={Polyethylene nanofibres with very high thermal conductivities},
  author={Shen, Sheng and Henry, Asegun and Tong, Jonathan and Zheng, Ruiting and Chen, Gang},
  journal={Nat. Nano.},
  volume={5},
  number={4},
  pages={251--255},
  year={2010},
  publisher={Nature Publishing Group}
}

@article{doi:10.1021/jp312734f,
author = {Stocker, Kelsey M. and Gezelter, J. Daniel},
title = {Simulations of Heat Conduction at Thiolate-Capped Gold Surfaces: The Role of Chain Length and Solvent Penetration},
journal = {J. Phys. Chem. C},
volume = {117},
number = {15},
pages = {7605-7612},
year = {2013},
doi = {10.1021/jp312734f},

URL = { 
        http://dx.doi.org/10.1021/jp312734f
    
},
eprint = { 
        http://dx.doi.org/10.1021/jp312734f
    
}

}

@article{doi:10.1021/jp0504827,
author = {Wick, Collin D. and Stubbs, John M. and Rai, Neeraj and Siepmann, J. Ilja},
title = {Transferable Potentials for Phase Equilibria. 7. Primary, Secondary, and Tertiary Amines, Nitroalkanes and Nitrobenzene, Nitriles, Amides, Pyridine, and Pyrimidine},
journal = {J. Phys. Chem. B},
volume = {109},
number = {40},
pages = {18974-18982},
year = {2005},
doi = {10.1021/jp0504827},

URL = { 
        http://dx.doi.org/10.1021/jp0504827
    
},
eprint = { 
        http://dx.doi.org/10.1021/jp0504827
    
}

}

@article {JCC:JCC21224,
author = {Martínez, L. and Andrade, R. and Birgin, E. G. and Martínez, J. M.},
title = {PACKMOL: A package for building initial configurations for molecular dynamics simulations},
journal = {J. Comp. Chem.},
volume = {30},
number = {13},
publisher = {Wiley Subscription Services, Inc., A Wiley Company},
issn = {1096-987X},
url = {http://dx.doi.org/10.1002/jcc.21224},
doi = {10.1002/jcc.21224},
pages = {2157--2164},
keywords = {initial configuration, molecular dynamics, packing, large-scale optimization, Packmol},
year = {2009},
}

@article{doi:10.1021/jp064051f,
author = {Rempel, Jane Y. and Trout, Bernhardt L. and Bawendi, Moungi G. and Jensen, Klavs F.},
title = {Density Functional Theory Study of Ligand Binding on CdSe (0001), (0001̄), and (112̄0) Single Crystal Relaxed and Reconstructed Surfaces:  Implications for Nanocrystalline Growth},
journal = {J. Phys. Chem. B},
volume = {110},
number = {36},
pages = {18007-18016},
year = {2006},
doi = {10.1021/jp064051f},

URL = { 
        http://dx.doi.org/10.1021/jp064051f
    
},
eprint = { 
        http://dx.doi.org/10.1021/jp064051f
    
}

}

@article{doi:10.1021/jp903291d,
author = {Schapotschnikow, Philipp and Hommersom, Bob and Vlugt, Thijs J. H.},
title = {Adsorption and Binding of Ligands to CdSe Nanocrystals},
journal = {J. Phys. Chem. C},
volume = {113},
number = {29},
pages = {12690-12698},
year = {2009},
doi = {10.1021/jp903291d},

URL = { 
        http://dx.doi.org/10.1021/jp903291d
    
},
eprint = { 
        http://dx.doi.org/10.1021/jp903291d
    
}

}

@misc{gezelter2010openmd,
  title={OpenMD, an open source engine for molecular dynamics},
  author={Gezelter, JD and Kuang, S and Marr, J and Stocker, K and Li, C and Vardeman, CF and Lin, T and Fennell, CJ and Sun, X and Daily, K and Zheng, Y and Meineke, M A},
  year={2010},
  publisher={University of Notre Dame: Notre Dame, IN}
}

@article{doi:10.1021/cm902195j,
author = {Kanatzidis, Mercouri G.},
title = {Nanostructured Thermoelectrics: The New Paradigm?},
journal = {Chem. Mater.},
volume = {22},
number = {3},
pages = {648-659},
year = {2010},
doi = {10.1021/cm902195j},

URL = { 
        http://dx.doi.org/10.1021/cm902195j
    
},
eprint = { 
        http://dx.doi.org/10.1021/cm902195j
    
}

}

@article{doi:10.1021/ja909591x,
author = {Kovalenko, Maksym V. and Spokoyny, Boris and Lee, Jong-Soo and Scheele, Marcus and Weber, Andrew and Perera, Susanthri and Landry, Daniel and Talapin, Dmitri V.},
title = {Semiconductor Nanocrystals Functionalized with Antimony Telluride Zintl Ions for Nanostructured Thermoelectrics},
journal = {J. Am. Chem. Soc.},
volume = {132},
number = {19},
pages = {6686-6695},
year = {2010},
doi = {10.1021/ja909591x},
URL = { 
        http://dx.doi.org/10.1021/ja909591x
    
},
eprint = { 
        http://dx.doi.org/10.1021/ja909591x
    
}

}

@article{doi:10.1021/nl903406s,
author = {Dayal, Smita and Kopidakis, Nikos and Olson, Dana C. and Ginley, David S. and Rumbles, Garry},
title = {Photovoltaic Devices with a Low Band Gap Polymer and CdSe Nanostructures Exceeding 3\% Efficiency},
journal = {Nano Lett.},
volume = {10},
number = {1},
pages = {239-242},
year = {2010},
doi = {10.1021/nl903406s},

URL = { 
        http://dx.doi.org/10.1021/nl903406s
    
},
eprint = { 
        http://dx.doi.org/10.1021/nl903406s
    
}

}

@article{Semonin16122011,
author = {Semonin, Octavi E. and Luther, Joseph M. and Choi, Sukgeun and Chen, Hsiang-Yu and Gao, Jianbo and Nozik, Arthur J. and Beard, Matthew C.}, 
title = {Peak External Photocurrent Quantum Efficiency Exceeding 100% via MEG in a Quantum Dot Solar Cell},
volume = {334}, 
number = {6062}, 
pages = {1530-1533}, 
year = {2011}, 
doi = {10.1126/science.1209845}, 
abstract ={Multiple exciton generation (MEG) is a process that can occur in semiconductor nanocrystals, or quantum dots (QDs), whereby absorption of a photon bearing at least twice the bandgap energy produces two or more electron-hole pairs. Here, we report on photocurrent enhancement arising from MEG in lead selenide (PbSe) QD-based solar cells, as manifested by an external quantum efficiency (the spectrally resolved ratio of collected charge carriers to incident photons) that peaked at 114 ± 1% in the best device measured. The associated internal quantum efficiency (corrected for reflection and absorption losses) was 130%. We compare our results with transient absorption measurements of MEG in isolated PbSe QDs and find reasonable agreement. Our findings demonstrate that MEG charge carriers can be collected in suitably designed QD solar cells, providing ample incentive to better understand MEG within isolated and coupled QDs as a research path to enhancing the efficiency of solar light harvesting technologies.}, 
URL = {http://www.sciencemag.org/content/334/6062/1530.abstract}, 
eprint = {http://www.sciencemag.org/content/334/6062/1530.full.pdf}, 
journal = {Science} 
}

@article{doi:10.1021/nl0342895,
author = {Sun, Baoquan and Marx, Eike and Greenham, Neil C.},
title = {Photovoltaic Devices Using Blends of Branched CdSe Nanoparticles and Conjugated Polymers},
journal = {Nano Lett.},
volume = {3},
number = {7},
pages = {961-963},
year = {2003},
doi = {10.1021/nl0342895},

URL = { 
        http://dx.doi.org/10.1021/nl0342895
    
},
eprint = { 
        http://dx.doi.org/10.1021/nl0342895
    
}

}

@article{Klimov13102000,
author = {Klimov, V. I. and Mikhailovsky, A. A. and Xu, Su and Malko, A. and Hollingsworth, J. A. and Leatherdale, C. A. and Eisler, H.-J. and Bawendi, M. G.}, 
title = {Optical Gain and Stimulated Emission in Nanocrystal Quantum Dots},
volume = {290}, 
number = {5490}, 
pages = {314-317}, 
year = {2000}, 
doi = {10.1126/science.290.5490.314}, 
abstract ={The development of optical gain in chemically synthesized semiconductor nanoparticles (nanocrystal quantum dots) has been intensely studied as the first step toward nanocrystal quantum dot lasers. We examined the competing dynamical processes involved in optical amplification and lasing in nanocrystal quantum dots and found that, despite a highly efficient intrinsic nonradiative Auger recombination, large optical gain can be developed at the wavelength of the emitting transition for close-packed solids of these dots. Narrowband stimulated emission with a pronounced gain threshold at wavelengths tunable with the size of the nanocrystal was observed, as expected from quantum confinement effects. These results unambiguously demonstrate the feasibility of nanocrystal quantum dot lasers.}, 
URL = {http://www.sciencemag.org/content/290/5490/314.abstract}, 
eprint = {http://www.sciencemag.org/content/290/5490/314.full.pdf}, 
journal = {Science} 
}

@article{Narendran2004449,
title = "Solid-state lighting: failure analysis of white LEDs",
journal = "J. Cryst. Growth ",
volume = "268",
number = "3–4",
pages = "449 - 456",
year = "2004",
issn = "0022-0248",
doi = "http://dx.doi.org/10.1016/j.jcrysgro.2004.04.071",
url = "http://www.sciencedirect.com/science/article/pii/S0022024804004907",
author = "N. Narendran and Y. Gu and J.P. Freyssinier and H. Yu and L. Deng",
keywords = "A1. Degradation",
keywords = "A1. Reliability",
keywords = "B1. Nitrides",
keywords = "B2. Semiconducting materials",
keywords = "B3. Light emitting diodes",
keywords = "B3. White \{LEDs\} "
}

@article{cheng2006observation,
  title={Observation and tuning of hypersonic bandgaps in colloidal crystals},
  author={Cheng, Wei and Wang, Jianjun and Jonas, Ulrich and Fytas, George and Stefanou, Nikolaos},
  journal={Nat. Mater.},
  volume={5},
  number={10},
  pages={830--836},
  year={2006},
  publisher={Nature Publishing Group}
}

@article{PhysRevLett.94.115501,
  title = {Hypersonic Phononic Crystals},
  author = {Gorishnyy, T. and Ullal, C. K. and Maldovan, M. and Fytas, G. and Thomas, E. L.},
  journal = {Phys. Rev. Lett.},
  volume = {94},
  issue = {11},
  pages = {115501},
  numpages = {4},
  year = {2005},
  month = {Mar},
  publisher = {American Physical Society},
  doi = {10.1103/PhysRevLett.94.115501},
  url = {http://link.aps.org/doi/10.1103/PhysRevLett.94.115501}
}

@article{doi:10.1021/nl102918q,
author = {Hopkins, Patrick E. and Reinke, Charles M. and Su, Mehmet F. and Olsson, Roy H. and Shaner, Eric A. and Leseman, Zayd C. and Serrano, Justin R. and Phinney, Leslie M. and El-Kady, Ihab},
title = {Reduction in the Thermal Conductivity of Single Crystalline Silicon by Phononic Crystal Patterning},
journal = {Nano Lett.},
volume = {11},
number = {1},
pages = {107-112},
year = {2011},
doi = {10.1021/nl102918q},

URL = { 
        http://dx.doi.org/10.1021/nl102918q
    
},
eprint = { 
        http://dx.doi.org/10.1021/nl102918q
    
}

}

@article{PhysRevLett.100.194301,
  title = {Simultaneous Occurrence of Structure-Directed and Particle-Resonance-Induced Phononic Gaps in Colloidal Films},
  author = {Still, T. and Cheng, W. and Retsch, M. and Sainidou, R. and Wang, J. and Jonas, U. and Stefanou, N. and Fytas, G.},
  journal = {Phys. Rev. Lett.},
  volume = {100},
  issue = {19},
  pages = {194301},
  numpages = {4},
  year = {2008},
  month = {May},
  publisher = {American Physical Society},
  doi = {10.1103/PhysRevLett.100.194301},
  url = {http://link.aps.org/doi/10.1103/PhysRevLett.100.194301}
}

@article{chen2000particularities,
  title={Particularities of heat conduction in nanostructures},
  author={Chen, Gang},
  journal={J. Nanopart. Res.},
  volume={2},
  number={2},
  pages={199--204},
  year={2000},
  publisher={Springer}
}

@article{PhysRevLett.95.065502,
  title = {Measuring the Thermal Conductivity of a Single Carbon Nanotube},
  author = {Fujii, Motoo and Zhang, Xing and Xie, Huaqing and Ago, Hiroki and Takahashi, Koji and Ikuta, Tatsuya and Abe, Hidekazu and Shimizu, Tetsuo},
  journal = {Phys. Rev. Lett.},
  volume = {95},
  issue = {6},
  pages = {065502},
  numpages = {4},
  year = {2005},
  month = {Aug},
  publisher = {American Physical Society},
  doi = {10.1103/PhysRevLett.95.065502},
  url = {http://link.aps.org/doi/10.1103/PhysRevLett.95.065502}
}

@article{pelton2009damping,
  title={Damping of acoustic vibrations in gold nanoparticles},
  author={Pelton, Matthew and Sader, John E and Burgin, Julien and Liu, Mingzhao and Guyot-Sionnest, Philippe and Gosztola, David},
  journal={Nat. Nano.},
  volume={4},
  number={8},
  pages={492--495},
  year={2009},
  publisher={Nature Publishing Group}
}

@article{achermann2006effect,
  title={The effect of Auger heating on intraband carrier relaxation in semiconductor quantum rods},
  author={Achermann, Marc and Bartko, Andrew P and Hollingsworth, Jennifer A and Klimov, Victor I},
  journal={Nat. Phys.},
  volume={2},
  number={8},
  pages={557--561},
  year={2006},
  publisher={Nature Publishing Group}
}

@article{1464-4258-10-6-064004,
  author={A Cretì and M Anni and M Zavelani-Rossi and G Lanzani and L Manna and M Lomascolo},
  title={Ultrafast carrier dynamics and confined acoustic phonons in CdSe nanorods},
  journal={J. Optics A: Pure Appl. Optics},
  volume={10},
  number={6},
  pages={064004},
  url={http://stacks.iop.org/1464-4258/10/i=6/a=064004},
  year={2008},
  abstract={We report on the observation of coherent confined acoustic phonons in CdSe core nanorods. We show that photobleaching and photoabsorption dynamics of nanocrystals, obtained with femtosecond pump–probe transient spectroscopy with a resonant pumping energy, exhibit evidence of oscillatory modulation, due to the modulation of the bandgap, despite the weak excitation regime (<µJ). In particular we found that the modulation frequency corresponds to the coherent radial breathing modes of the rods, suggesting that only the transverse (radial) mode of coherent phonons is observed. No evidence of modulation is observed in the corresponding rod sample overcoated with a thin shell of CdS/ZnS, suggesting that the shell produces a strongly damped mechanism.}
}

@article{PhysRevLett.79.5102,
  title = {Coherent Acoustic Phonons in a Semiconductor Quantum Dot},
  author = {Krauss, Todd D. and Wise, Frank W.},
  journal = {Phys. Rev. Lett.},
  volume = {79},
  issue = {25},
  pages = {5102--5105},
  numpages = {0},
  year = {1997},
  month = {Dec},
  publisher = {American Physical Society},
  doi = {10.1103/PhysRevLett.79.5102},
  url = {http://link.aps.org/doi/10.1103/PhysRevLett.79.5102}
}

@article{doi:10.1021/jp201408m,
author = {Chen, Liangliang and Bao, Hua and Tan, Taizhi and Prezhdo, Oleg V. and Ruan, Xiulin},
title = {Shape and Temperature Dependence of Hot Carrier Relaxation Dynamics in Spherical and Elongated CdSe Quantum Dots},
journal = {J. Phys. Chem. C},
volume = {115},
number = {23},
pages = {11400-11406},
year = {2011},
doi = {10.1021/jp201408m},

URL = { 
        http://dx.doi.org/10.1021/jp201408m
    
},
eprint = { 
        http://dx.doi.org/10.1021/jp201408m
    
}

}

@article{doi:10.1021/nl0717661,
author = {Carbone, Luigi and Nobile, Concetta and De Giorgi, Milena and Sala, Fabio Della and Morello, Giovanni and Pompa, Pierpaolo and Hytch, Martin and Snoeck, Etienne and Fiore, Angela and Franchini, Isabella R. and Nadasan, Monica and Silvestre, Albert F. and Chiodo, Letizia and Kudera, Stefan and Cingolani, Roberto and Krahne, Roman and Manna, Liberato},
title = {Synthesis and Micrometer-Scale Assembly of Colloidal CdSe/CdS Nanorods Prepared by a Seeded Growth Approach},
journal = {Nano Lett.},
volume = {7},
number = {10},
pages = {2942-2950},
year = {2007},
doi = {10.1021/nl0717661},

URL = { 
        http://dx.doi.org/10.1021/nl0717661
    
},
eprint = { 
        http://dx.doi.org/10.1021/nl0717661
    
}

}

@article{doi:10.1021/nl0155126,
author = {Talapin, Dmitri V. and Rogach, Andrey L. and Kornowski, Andreas and Haase, Markus and Weller, Horst},
title = {Highly Luminescent Monodisperse CdSe and CdSe/ZnS Nanocrystals Synthesized in a Hexadecylamine−Trioctylphosphine Oxide−Trioctylphospine Mixture},
journal = {Nano Lett.},
volume = {1},
number = {4},
pages = {207-211},
year = {2001},
doi = {10.1021/nl0155126},

URL = { 
        http://dx.doi.org/10.1021/nl0155126
    
},
eprint = { 
        http://dx.doi.org/10.1021/nl0155126
    
}

}

@book{hull1999properties,
  title={Properties of crystalline silicon},
  author={Hull, Robert},
  number={20},
  year={1999},
  publisher={IET}
}

@article{canham1990silicon,
  title={Silicon quantum wire array fabrication by electrochemical and chemical dissolution of wafers},
  author={Canham, LT},
  journal={Appl. Phys. Lett.},
  volume={57},
  number={10},
  pages={1046--1048},
  year={1990},
  publisher={AIP Publishing}
}

@article{shimizu1998optical,
  title={Optical properties of silicon nanoclusters fabricated by ion implantation},
  author={Shimizu-Iwayama, Tsutomu and Kurumado, Norihiro and Hole, David E and Townsend, Peter D},
  journal={J. Appl. Phys.},
  volume={83},
  number={11},
  pages={6018--6022},
  year={1998},
  publisher={AIP Publishing}
}

@article{zacharias2002size,
  title={Size-controlled highly luminescent silicon nanocrystals: A SiO/SiO2 superlattice approach},
  author={Zacharias, Margit and Heitmann, J and Scholz, R and Kahler, U and Schmidt, M and Bl{\"a}sing, J},
  journal={Appl. Phys. Lett.},
  volume={80},
  number={4},
  pages={661--663},
  year={2002},
  publisher={AIP Publishing}
}

@article{mangolini2007plasma,
  title={Plasma-Assisted Synthesis of Silicon Nanocrystal Inks},
  author={Mangolini, Lorenzo and Kortshagen, Uwe},
  journal={Adv. Mater.},
  volume={19},
  number={18},
  pages={2513--2519},
  year={2007},
  publisher={Wiley Online Library}
}

@article{erogbogbo2010vivo,
  title={In vivo targeted cancer imaging, sentinel lymph node mapping and multi-channel imaging with biocompatible silicon nanocrystals},
  author={Erogbogbo, Folarin and Yong, Ken-Tye and Roy, Indrajit and Hu, Rui and Law, Wing-Cheung and Zhao, Weiwei and Ding, Hong and Wu, Fang and Kumar, Rajiv and Swihart, Mark T and Prasad, Paras N},
  journal={ACS Nano},
  volume={5},
  number={1},
  pages={413--423},
  year={2010},
  publisher={ACS Publications}
}

@article{mangolini2005high,
  title={High-yield plasma synthesis of luminescent silicon nanocrystals},
  author={Mangolini, L and Thimsen, E and Kortshagen, U},
  journal={Nano Lett.},
  volume={5},
  number={4},
  pages={655--659},
  year={2005},
  publisher={ACS Publications}
}

@article{pettigrew2003solution,
  title={Solution synthesis of alkyl-and alkyl/alkoxy-capped silicon nanoparticles via oxidation of Mg2Si},
  author={Pettigrew, Katherine A and Liu, Qi and Power, Philip P and Kauzlarich, Susan M},
  journal={Chem. Mater.},
  volume={15},
  number={21},
  pages={4005--4011},
  year={2003},
  publisher={ACS Publications}
}

@article{hessel2011synthesis,
  title={Synthesis of ligand-stabilized silicon nanocrystals with size-dependent photoluminescence spanning visible to near-infrared wavelengths},
  author={Hessel, Colin M and Reid, Dariya and Panthani, Matthew G and Rasch, Michael R and Goodfellow, Brian W and Wei, Junwei and Fujii, Hiromasa and Akhavan, Vahid and Korgel, Brian A},
  journal={Chem. Mater.},
  volume={24},
  number={2},
  pages={393--401},
  year={2011},
  publisher={ACS Publications}
}

@article{holmes2001highly,
  title={Highly luminescent silicon nanocrystals with discrete optical transitions},
  author={Holmes, Justin D and Ziegler, Kirk J and Doty, R Christopher and Pell, Lindsay E and Johnston, Keith P and Korgel, Brian A},
  journal={J. Am. Chem. Soc.},
  volume={123},
  number={16},
  pages={3743--3748},
  year={2001},
  publisher={ACS Publications}
}

@article{atkins2011femtosecond,
  title={Femtosecond ligand/core dynamics of microwave-assisted synthesized silicon quantum dots in aqueous solution},
  author={Atkins, Tonya M and Thibert, Arthur and Larsen, Delmar S and Dey, Sanchita and Browning, Nigel D and Kauzlarich, Susan M},
  journal={J. Am. Chem. Soc.},
  volume={133},
  number={51},
  pages={20664--20667},
  year={2011},
  publisher={ACS Publications}
}

@article{PhysRevB.80.115407,
  title = {Photoluminescence quantum yields of amorphous and crystalline silicon nanoparticles},
  author = {Anthony, Rebecca and Kortshagen, Uwe},
  journal = {Phys. Rev. B},
  volume = {80},
  issue = {11},
  pages = {115407},
  numpages = {6},
  year = {2009},
  month = {Sep},
  publisher = {American Physical Society},
  doi = {10.1103/PhysRevB.80.115407},
  url = {http://link.aps.org/doi/10.1103/PhysRevB.80.115407}
}

@article{jurbergs2006silicon,
  title={Silicon nanocrystals with ensemble quantum yields exceeding 60\%},
  author={Jurbergs, David and Rogojina, Elena and Mangolini, Lorenzo and Kortshagen, Uwe},
  journal={Appl. Phys. Lett.},
  volume={88},
  number={23},
  pages={3116},
  year={2006}
}

@article{Wilson19111993,
author = {Wilson, William L. and Szajowski, P. F. and Brus, L. E.}, 
title = {Quantum Confinement in Size-Selected, Surface-Oxidized Silicon Nanocrystals},
volume = {262}, 
number = {5137}, 
pages = {1242-1244}, 
year = {1993}, 
doi = {10.1126/science.262.5137.1242}, 
abstract ={The dynamics and spectroscopy of silicon nanocrystals that emit at visible wavelengths were analyzed. Size-selective precipitation and size-exclusion chromatography cleanly separate the silicon nanocrystals from larger crystallites and aggregates and provide direct evidence for quantum confinement in luminescence. Measured quantum yields are as high as 50 percent at low temperature, principally as a result of efficient oxide passivation. Despite a 0.9—electron-volt shift of the band gap to higher energy, the nanocrystals behave fundamentally as indirect gap materials with low oscillator strength.}, 
URL = {http://www.sciencemag.org/content/262/5137/1242.abstract}, 
eprint = {http://www.sciencemag.org/content/262/5137/1242.full.pdf}, 
journal = {Science} 
}

@article{ng2001efficient,
  title={An efficient room-temperature silicon-based light-emitting diode},
  author={Ng, Wai Lek and Lourenco, MA and Gwilliam, RM and Ledain, S and Shao, G and Homewood, KP},
  journal={Nature},
  volume={410},
  number={6825},
  pages={192--194},
  year={2001},
  publisher={Nature Publishing Group}
}

@article{cheng2011high,
  title={High-efficiency silicon nanocrystal light-emitting devices},
  author={Cheng, Kai-Yuan and Anthony, Rebecca and Kortshagen, Uwe R and Holmes, Russell J},
  journal={Nano Lett.},
  volume={11},
  number={5},
  pages={1952--1956},
  year={2011},
  publisher={ACS Publications}
}

@article{PhysRevB.49.16845,
  title = {Luminescence properties of nanometer-sized Si crystallites: Core and surface states},
  author = {Kanemitsu, Yoshihiko},
  journal = {Phys. Rev. B},
  volume = {49},
  issue = {23},
  pages = {16845--16848},
  numpages = {0},
  year = {1994},
  month = {Jun},
  publisher = {American Physical Society},
  doi = {10.1103/PhysRevB.49.16845},
  url = {http://link.aps.org/doi/10.1103/PhysRevB.49.16845}
}

@article{PhysRevLett.88.097401,
  title = {Surface Chemistry of Silicon Nanoclusters},
  author = {Puzder, Aaron and Williamson, A. J. and Grossman, Jeffrey C. and Galli, Giulia},
  journal = {Phys. Rev. Lett.},
  volume = {88},
  issue = {9},
  pages = {097401},
  numpages = {4},
  year = {2002},
  month = {Feb},
  publisher = {American Physical Society},
  doi = {10.1103/PhysRevLett.88.097401},
  url = {http://link.aps.org/doi/10.1103/PhysRevLett.88.097401}
}

@article{reboredo2005theory,
  title={Theory of alkyl-terminated silicon quantum dots},
  author={Reboredo, Fernando A and Galli, Giulia},
  journal={J. Phys. Chem. B},
  volume={109},
  number={3},
  pages={1072--1078},
  year={2005},
  publisher={ACS Publications}
}

@article{godefroo2008classification,
  title={Classification and control of the origin of photoluminescence from Si nanocrystals},
  author={Godefroo, Stefanie and Hayne, Manus and Jivanescu, Michaela and Stesmans, Andre and Zacharias, Margit and Lebedev, OI and Van Tendeloo, Gustaaf and Moshchalkov, Victor V},
  journal={Nat. Nano.},
  volume={3},
  number={3},
  pages={174--178},
  year={2008},
  publisher={Nature Publishing Group}
}

@article{de2010red,
  title={Red spectral shift and enhanced quantum efficiency in phonon-free photoluminescence from silicon nanocrystals},
  author={De Boer, WDAM and Timmerman, D and Dohnalova, K and Yassievich, IN and Zhang, H and Buma, WJ and Gregorkiewicz, T},
  journal={Nat. Nano.},
  volume={5},
  number={12},
  pages={878--884},
  year={2010},
  publisher={Nature Publishing Group}
}

@article{PhysRevB.61.4485,
  title = {Optical absorption cross sections of Si nanocrystals},
  author = {Kovalev, D. and Diener, J. and Heckler, H. and Polisski, G. and K\"unzner, N. and Koch, F.},
  journal = {Phys. Rev. B},
  volume = {61},
  issue = {7},
  pages = {4485--4487},
  numpages = {0},
  year = {2000},
  month = {Feb},
  publisher = {American Physical Society},
  doi = {10.1103/PhysRevB.61.4485},
  url = {http://link.aps.org/doi/10.1103/PhysRevB.61.4485}
}

@article{cullis1991visible,
  title={Visible light emission due to quantum size effects in highly porous crystalline silicon},
  author={Cullis, AG and Canham, LT},
  journal = {Nature},
  volume = {335},
  year={1991},
  publisher={Nature Publishing Group}
}

@article{PhysRevLett.100.067401,
  title = {Size-Dependent Intrinsic Radiative Decay Rates of Silicon Nanocrystals at Large Confinement Energies},
  author = {Sykora, Milan and Mangolini, Lorenzo and Schaller, Richard D. and Kortshagen, Uwe and Jurbergs, David and Klimov, Victor I.},
  journal = {Phys. Rev. Lett.},
  volume = {100},
  issue = {6},
  pages = {067401},
  numpages = {4},
  year = {2008},
  month = {Feb},
  publisher = {American Physical Society},
  doi = {10.1103/PhysRevLett.100.067401},
  url = {http://link.aps.org/doi/10.1103/PhysRevLett.100.067401}
}

@article{saar2009photoluminescence,
  title={Photoluminescence from silicon nanostructures: the mutual role of quantum confinement and surface chemistry},
  author={Saar, Amir},
  journal={J. Nanophot.},
  volume={3},
  number={1},
  pages={032501--032501},
  year={2009},
  publisher={International Society for Optics and Photonics}
}

@article{kovalev1999optical,
  title={Optical properties of Si nanocrystals},
  author={Kovalev, D and Heckler, H and Polisski, G and Koch, F},
  journal={physica status solidi (b)},
  volume={215},
  number={2},
  pages={871--932},
  year={1999},
  publisher={Wiley Online Library}
}

@article{PhysRevLett.72.1514,
  title = {Absorption and emission of light in nanoscale silicon structures},
  author = {Hybertsen, Mark S.},
  journal = {Phys. Rev. Lett.},
  volume = {72},
  issue = {10},
  pages = {1514--1517},
  numpages = {0},
  year = {1994},
  month = {Mar},
  publisher = {American Physical Society},
  doi = {10.1103/PhysRevLett.72.1514},
  url = {http://link.aps.org/doi/10.1103/PhysRevLett.72.1514}
}

@article{PhysRevLett.81.2803,
  title = {Breakdown of the $k$-Conservation Rule in Si Nanocrystals},
  author = {Kovalev, D. and Heckler, H. and Ben-Chorin, M. and Polisski, G. and Schwartzkopff, M. and Koch, F.},
  journal = {Phys. Rev. Lett.},
  volume = {81},
  issue = {13},
  pages = {2803--2806},
  numpages = {0},
  year = {1998},
  month = {Sep},
  publisher = {American Physical Society},
  doi = {10.1103/PhysRevLett.81.2803},
  url = {http://link.aps.org/doi/10.1103/PhysRevLett.81.2803}
}

@article{english2002size,
  title={Size tunable visible luminescence from individual organic monolayer stabilized silicon nanocrystal quantum dots},
  author={English, Douglas S and Pell, Lindsay E and Yu, Zhonghua and Barbara, Paul F and Korgel, Brian A},
  journal={Nano Lett.},
  volume={2},
  number={7},
  pages={681--685},
  year={2002},
  publisher={ACS Publications}
}

@article{kusova2010brightly,
  title={Brightly luminescent organically capped silicon nanocrystals fabricated at room temperature and atmospheric pressure},
  author={Kusov{\'a}, Katerina and Cibulka, Ondrej and Dohnalov{\'a}, Katerina and Pelant, Ivan and Valenta, Jan and Fučíková, Anna and Žídek, Karel and Lang, Jan and Englich, Jiří and Matejka, Pavel and Stepanek, Petr and Bakardjieva, Snejana},
  journal={ACS Nano},
  volume={4},
  number={8},
  pages={4495--4504},
  year={2010},
  publisher={ACS Publications}
}

@article{groenewegen2010excited,
  title={Excited-state relaxation dynamics of 3-vinylthiophene-terminated silicon quantum dots},
  author={Groenewegen, Vincent and Kuntermann, Volker and Haarer, Dietrich and Kunz, Michael and Kryschi, Carola},
  journal={J. Phys. Chem. C},
  volume={114},
  number={27},
  pages={11693--11698},
  year={2010},
  publisher={ACS Publications}
}

@article{mastronardi2011preparation,
  title={Preparation of monodisperse silicon nanocrystals using density gradient ultracentrifugation},
  author={Mastronardi, Melanie L and Hennrich, Frank and Henderson, Eric J and Maier-Flaig, Florian and Blum, Carolin and Reichenbach, Judith and Lemmer, Uli and Kübel, Christian and Wang, Di and Kappes, Manfred M and others},
  journal={J. Am. Chem. Soc.},
  volume={133},
  number={31},
  pages={11928--11931},
  year={2011},
  publisher={ACS Publications}
}

@article{PhysRevLett.76.2961,
  title = {Nature of Luminescent Surface States of Semiconductor Nanocrystallites},
  author = {Allan, G. and Delerue, C. and Lannoo, M.},
  journal = {Phys. Rev. Lett.},
  volume = {76},
  issue = {16},
  pages = {2961--2964},
  numpages = {0},
  year = {1996},
  month = {Apr},
  publisher = {American Physical Society},
  doi = {10.1103/PhysRevLett.76.2961},
  url = {http://link.aps.org/doi/10.1103/PhysRevLett.76.2961}
}

@article{PhysRevB.48.11024,
  title = {Theoretical aspects of the luminescence of porous silicon},
  author = {Delerue, C. and Allan, G. and Lannoo, M.},
  journal = {Phys. Rev. B},
  volume = {48},
  issue = {15},
  pages = {11024--11036},
  numpages = {0},
  year = {1993},
  month = {Oct},
  publisher = {American Physical Society},
  doi = {10.1103/PhysRevB.48.11024},
  url = {http://link.aps.org/doi/10.1103/PhysRevB.48.11024}
}

@article{PhysRevB.84.085321,
  title = {Ultrafast stimulated emission due to quasidirect transitions in silicon nanocrystals},
  author = {\ifmmode \check{Z}\else \v{Z}\fi{}\'{i}dek, K. and Pelant, I. and Troj\'anek, F. and Mal\'y, P. and Gilliot, P. and H\"onerlage, B. and Oberl\'e, J. and \ifmmode \check{S}\else \v{S}\fi{}iller, L. and Little, R. and Horrocks, B. R.},
  journal = {Phys. Rev. B},
  volume = {84},
  issue = {8},
  pages = {085321},
  numpages = {9},
  year = {2011},
  month = {Aug},
  publisher = {American Physical Society},
  doi = {10.1103/PhysRevB.84.085321},
  url = {http://link.aps.org/doi/10.1103/PhysRevB.84.085321}
}

@article{PhysRevLett.82.197,
  title = {Electronic States and Luminescence in Porous Silicon Quantum Dots: The Role of Oxygen},
  author = {Wolkin, M. V. and Jorne, J. and Fauchet, P. M. and Allan, G. and Delerue, C.},
  journal = {Phys. Rev. Lett.},
  volume = {82},
  issue = {1},
  pages = {197--200},
  numpages = {0},
  year = {1999},
  month = {Jan},
  publisher = {American Physical Society},
  doi = {10.1103/PhysRevLett.82.197},
  url = {http://link.aps.org/doi/10.1103/PhysRevLett.82.197}
}

@article{vzidek2010femtosecond,
  title={Femtosecond luminescence spectroscopy of core states in silicon nanocrystals},
  author={{\v{Z}}{\'\i}dek, K and Troj{\'a}nek, F and Mal{\`y}, P and Ondi{\v{c}}, L and Pelant, I and Dohnalov{\'a}, K and {\v{S}}iller, L and Little, R and Horrocks, BR},
  journal={Optics Express},
  volume={18},
  number={24},
  pages={25241--25249},
  year={2010},
  publisher={Optical Society of America}
}

@article{jiang2004phase,
  title={Phase transformations in nanocrystals},
  author={Jiang, JZ},
  journal={J. Mater. Sci.},
  volume={39},
  number={16},
  pages={5103--5110},
  year={2004},
  publisher={Springer}
}

@article{PhysRevLett.76.4384,
  title = {Pressure-Induced Structural Transformations in Si Nanocrystals: Surface and Shape Effects},
  author = {Tolbert, Sarah H. and Herhold, Amy B. and Brus, Louis E. and Alivisatos, A. P.},
  journal = {Phys. Rev. Lett.},
  volume = {76},
  issue = {23},
  pages = {4384--4387},
  numpages = {0},
  year = {1996},
  month = {Jun},
  publisher = {American Physical Society},
  doi = {10.1103/PhysRevLett.76.4384},
  url = {http://link.aps.org/doi/10.1103/PhysRevLett.76.4384}
}

@article{PhysRevLett.101.217401,
  title = {Evidence for Barrierless Auger Recombination in PbSe Nanocrystals: A Pressure-Dependent Study of Transient Optical Absorption},
  author = {Pietryga, Jeffrey M. and Zhuravlev, Kirill K. and Whitehead, Michael and Klimov, Victor I. and Schaller, Richard D.},
  journal = {Phys. Rev. Lett.},
  volume = {101},
  issue = {21},
  pages = {217401},
  numpages = {4},
  year = {2008},
  month = {Nov},
  publisher = {American Physical Society},
  doi = {10.1103/PhysRevLett.101.217401},
  url = {http://link.aps.org/doi/10.1103/PhysRevLett.101.217401}
}

@article{PhysRevB.41.12021,
  title = {Experimental study of the crystal stability and equation of state of Si to 248 GPa},
  author = {Duclos, Steven J. and Vohra, Yogesh K. and Ruoff, Arthur L.},
  journal = {Phys. Rev. B},
  volume = {41},
  issue = {17},
  pages = {12021--12028},
  numpages = {0},
  year = {1990},
  month = {Jun},
  publisher = {American Physical Society},
  doi = {10.1103/PhysRevB.41.12021},
  url = {http://link.aps.org/doi/10.1103/PhysRevB.41.12021}
}

@article{katzke2007structural,
  title={Structural mechanisms of the high-pressure phase transitions in the elements of group IVa},
  author={Katzke, Hannelore and Tol{\'e}dano, Pierre},
  journal={J. Phys.: Cond. Mat.},
  volume={19},
  number={27},
  pages={275204},
  year={2007},
  publisher={IOP Publishing}
}

@article{olijnyk1984structural,
  title={Structural phase transitions in Si and Ge under pressures up to 50 GPa},
  author={Olijnyk, H and Sikka, SK and Holzapfel, WB},
  journal={Physics Letters A},
  volume={103},
  number={3},
  pages={137--140},
  year={1984},
  publisher={Elsevier}
}

@article{fei2007toward,
  title={Toward an internally consistent pressure scale},
  author={Fei, Yingwei and Ricolleau, Angele and Frank, Mark and Mibe, Kenji and Shen, Guoyin and Prakapenka, Vitali},
  journal={Proc. Natl. Acad. Sci.},
  volume={104},
  number={22},
  pages={9182--9186},
  year={2007},
  publisher={National Acad Sciences}
}

@article{qadri1996pressure,
  title={Pressure induced structural transitions in nanometer size particles of PbS},
  author={Qadri, Syed B and Yang, J and Ratna, BR and Skelton, Earl F and Hu, JZ},
  journal={Appl. Phys. Lett.},
  volume={69},
  number={15},
  pages={2205--2207},
  year={1996},
  publisher={AIP Publishing}
}

@article{PhysRev.98.1755,
  title = {Pressure Dependence of the Resistivity of Silicon},
  author = {Paul, William and Pearson, G. L.},
  journal = {Phys. Rev.},
  volume = {98},
  issue = {6},
  pages = {1755--1757},
  numpages = {0},
  year = {1955},
  month = {Jun},
  publisher = {American Physical Society},
  doi = {10.1103/PhysRev.98.1755},
  url = {http://link.aps.org/doi/10.1103/PhysRev.98.1755}
}

@article{slykhouse1958effect,
  title={The effect of pressure on the optical absorption edge of germanium and silicon},
  author={Slykhouse, TE and Drickamer, HG},
  journal={J. Phys. Chem. Soli.},
  volume={7},
  number={2},
  pages={210--213},
  year={1958},
  publisher={Elsevier}
}

@article{welber1975dependence,
  title={Dependence of the indirect energy gap of silicon on hydrostatic pressure},
  author={Welber, B and Kim, CK and Cardona, Manuel and Rodriguez, Sergio},
  journal={Solid State Comm.},
  volume={17},
  number={8},
  pages={1021--1024},
  year={1975},
  publisher={Elsevier}
}

@article{PhysRevB.54.11169,
  title = {Efficient iterative schemes for     \textit{ab initio}   total-energy calculations using a plane-wave basis set},
  author = {Kresse, G. and Furthm\"uller, J.},
  journal = {Phys. Rev. B},
  volume = {54},
  issue = {16},
  pages = {11169--11186},
  numpages = {0},
  year = {1996},
  month = {Oct},
  publisher = {American Physical Society},
  doi = {10.1103/PhysRevB.54.11169},
  url = {http://link.aps.org/doi/10.1103/PhysRevB.54.11169}
}

@article{kresse1999ultrasoft,
  title={From ultrasoft pseudopotentials to the projector augmented-wave method},
  author={Kresse, Georg and Joubert, D},
  journal={Phys. Rev. B},
  volume={59},
  number={3},
  pages={1758},
  year={1999},
  publisher={APS}
}

@article{hong2000equilibrium,
  title={Equilibrium shape of hydrogen-covered diamond and silicon surfaces},
  author={Hong, Suklyun},
  journal={J. Kor. Phys. Soc.},
  volume={37},
  number={2},
  pages={93--98},
  year={2000},
  publisher={Korean Physical Society; 1999}
}

@article{martovnak2002pressure,
  title={Pressure-induced structural transformations in a medium-sized silicon nanocrystal by tight-binding molecular dynamics},
  author={Marto{\v{n}}{\'a}k, R and Colombo, L and Molteni, C and Parrinello, M},
  journal={J. Chem. Phys.},
  volume={117},
  number={24},
  pages={11329--11335},
  year={2002},
  publisher={AIP Publishing}
}

@article{PhysRevB.37.6991,
  title = {New empirical approach for the structure and energy of covalent systems},
  author = {Tersoff, J.},
  journal = {Phys. Rev. B},
  volume = {37},
  issue = {12},
  pages = {6991--7000},
  numpages = {0},
  year = {1988},
  month = {Apr},
  publisher = {American Physical Society},
  doi = {10.1103/PhysRevB.37.6991},
  url = {http://link.aps.org/doi/10.1103/PhysRevB.37.6991}
}

@article{mangolini2006high,
  title={High efficiency photoluminescence from silicon nanocrystals prepared by plasma synthesis and organic surface passivation},
  author={Mangolini, L and Jurbergs, D and Rogojina, E and Kortshagen, U},
  journal={physica status solidi (c)},
  volume={3},
  number={11},
  pages={3975--3978},
  year={2006},
  publisher={Wiley Online Library}
}

@article{dohnalova2013surface,
  title={Surface brightens up Si quantum dots: direct bandgap-like size-tunable emission},
  author={Dohnalov{\'a}, Kate{\v{r}}ina and Poddubny, Alexander N and Prokofiev, Alexei A and de Boer, Wieteke DAM and Umesh, Chinnaswamy P and Paulusse, Jos MJ and Zuilhof, Han and Gregorkiewicz, Tom},
  journal={Light: Sci. \& Appl.},
  volume={2},
  number={1},
  pages={e47},
  year={2013},
  publisher={Nature Publishing Group}
}

@article{hannah2012origin,
  title={On the origin of photoluminescence in silicon nanocrystals: pressure-dependent structural and optical studies},
  author={Hannah, Daniel C and Yang, Jihua and Podsiadlo, Paul and Chan, Maria KY and Demortiere, Arnaud and Gosztola, David J and Prakapenka, Vitali B and Schatz, George C and Kortshagen, Uwe and Schaller, Richard D},
  journal={Nano Lett.},
  volume={12},
  number={8},
  pages={4200--4205},
  year={2012},
  publisher={ACS Publications}
}

@article{kovalev2010silicon,
  title={Silicon photonics: Moving into the red},
  author={Kovalev, Dmitry},
  journal={Nat. Nano.},
  volume={5},
  number={12},
  pages={827--828},
  year={2010},
  publisher={Nature Publishing Group}
}

@article{kovalev1996temperature,
  title={The temperature dependence of the absorption coefficient of porous silicon},
  author={Kovalev, D and Polisski, G and Ben-Chorin, M and Diener, J and Koch, F},
  journal={J. Appl. Phys.},
  volume={80},
  number={10},
  pages={5978--5983},
  year={1996},
  publisher={AIP Publishing}
}

@article{tsybeskov1994blue,
  title={Blue emission in porous silicon: Oxygen-related photoluminescence},
  author={Tsybeskov, L and Vandyshev, Ju V and Fauchet, PM},
  journal={Phys. Rev. B},
  volume={49},
  number={11},
  pages={7821},
  year={1994},
  publisher={APS}
}

@article{valenta2008origin,
  title={On the origin of the fast photoluminescence band in small silicon nanoparticles},
  author={Valenta, J and Fucikova, A and Pelant, I and Kusov{\'a}, K and Dohnalov{\'a}, K and Aleknavi{\v{c}}ius, A and Cibulka, O and Fojt{\'\i}k, A and Kada, G},
  journal={New J. Phys.},
  volume={10},
  number={7},
  pages={073022},
  year={2008},
  publisher={IOP Publishing}
}


@article{yang1999synthesis,
  title={Synthesis of alkyl-terminated silicon nanoclusters by a solution route},
  author={Yang, Chung-Sung and Bley, Richard A and Kauzlarich, Susan M and Lee, Howard WH and Delgado, Gildardo R},
  journal={J. Am. Chem. Soc.},
  volume={121},
  number={22},
  pages={5191--5195},
  year={1999},
  publisher={ACS Publications}
}

@article{anthony2011routes,
  title={Routes to Achieving High Quantum Yield Luminescence from Gas-Phase-Produced Silicon Nanocrystals},
  author={Anthony, Rebecca J and Rowe, David J and Stein, Matthias and Yang, Jihua and Kortshagen, Uwe},
  journal={Adv. Func. Mater.},
  volume={21},
  number={21},
  pages={4042--4046},
  year={2011},
  publisher={Wiley Online Library}
}

@article{dunstan1984photoluminescence,
  title={Photoluminescence in hydrogenated amorphous silicon},
  author={Dunstan, DJ and Boulitrop, F},
  journal={Phys. Rev. B},
  volume={30},
  number={10},
  pages={5945},
  year={1984},
  publisher={APS}
}

@article{wang2003high,
  title={High-efficiency visible photoluminescence from amorphous silicon nanoparticles embedded in silicon nitride},
  author={Wang, YQ and Wang, YG and Cao, L and Cao, ZX},
  journal={Appl. Phys. Lett.},
  volume={83},
  number={17},
  pages={3474--3476},
  year={2003},
  publisher={AIP Publishing}
}

@article{wehrspohn1997electrochemistry,
  title={Electrochemistry and photoluminescence of porous amorphous silicon},
  author={Wehrspohn, RB and Chazalviel, J-N and Ozanam, F and Solomon, I},
  journal={Thin Solid Films},
  volume={297},
  number={1},
  pages={5--8},
  year={1997},
  publisher={Elsevier}
}

@article{duan2012raman,
  title={Raman investigation of silicon nanocrystals: quantum confinement and laser-induced thermal effects},
  author={Duan, Y and Kong, JF and Shen, WZ},
  journal={J. Raman Spectrosc.},
  volume={43},
  number={6},
  pages={756--760},
  year={2012},
  publisher={Wiley Online Library}
}

@article{ristic2009application,
  title={Application of the phonon confinement model on the optical phonon mode of silicon nanoparticles},
  author={Risti{\'c}, Davor and Ivanda, Mile and Furi{\'c}, Kre{\v{s}}imir},
  journal={J. Mol. Struct.},
  volume={924},
  pages={291--293},
  year={2009},
  publisher={Elsevier}
}

@article{panthani2012graphene,
  title={Graphene-supported high-resolution TEM and STEM imaging of silicon nanocrystals and their capping ligands},
  author={Panthani, Matthew G and Hessel, Colin M and Reid, Dariya and Casillas, Gilberto and José-Yacamán, Miguel and Korgel, Brian A},
  journal={J. Phys. Chem. C},
  volume={116},
  number={42},
  pages={22463--22468},
  year={2012},
  publisher={ACS Publications}
}

@article{smit2003determining,
  title={Determining the material structure of microcrystalline silicon from Raman spectra},
  author={Smit, Christian and Van Swaaij, RACMM and Donker, H and Petit, AMHN and Kessels, WMM and Van de Sanden, MCM},
  journal={J. Appl. Phys.},
  volume={94},
  number={5},
  pages={3582--3588},
  year={2003},
  publisher={AIP Publishing}
}

@article{gresback2011combined,
  title={Combined plasma gas-phase synthesis and colloidal processing of InP/ZnS core/shell nanocrystals},
  author={Gresback, Ryan and Hue, Ryan and Gladfelter, Wayne L and Kortshagen, Uwe R},
  journal={Nanoscale Res Lett},
  volume={6},
  pages={68},
  year={2011}
}

@article{dasog2013chemical,
  title={Chemical insight into the origin of red and blue photoluminescence arising from freestanding silicon nanocrystals},
  author={Dasog, Mita and Yang, Zhenyu and Regli, Sarah and Atkins, Tonya M and Faramus, Angelique and Singh, Mani P and Muthuswamy, Elayaraja and Kauzlarich, Susan M and Tilley, Richard D and Veinot, Jonathan GC},
  journal={ACS Nano},
  volume={7},
  number={3},
  pages={2676--2685},
  year={2013},
  publisher={ACS Publications}
}

@article{lajoie2010optical,
  title={Optical properties of amorphous and crystalline silicon surfaces functionalized with Agn adsorbates},
  author={Lajoie, Travis W and Ramirez, Jessica J and Kilin, Dmitri S and Micha, David A},
  journal={Int. J. Quant. Chem.},
  volume={110},
  number={15},
  pages={3005--3014},
  year={2010},
  publisher={Wiley Online Library}
}

@article{wagner2008microscopic,
  title={Microscopic description of light induced defects in amorphous silicon solar cells},
  author={Wagner, Lucas K and Grossman, Jeffrey C},
  journal={Phys. Rev. Lett.},
  volume={101},
  number={26},
  pages={265501},
  year={2008},
  publisher={APS}
}

@article{pankove1977photoluminescence,
  title={Photoluminescence of hydrogenated amorphous silicon},
  author={Pankove, JI and Carlson, DE},
  journal={Appl. Phys. Lett.},
  volume={31},
  number={7},
  pages={450--451},
  year={1977},
  publisher={AIP Publishing}
}

@article{westcott2001adsorbate,
  title={Adsorbate-induced quenching of hot electrons in gold core-shell nanoparticles},
  author={Westcott, SL and Averitt, RD and Wolfgang, JA and Nordlander, P and Halas, NJ},
  journal={J. Phys. Chem. B},
  volume={105},
  number={41},
  pages={9913--9917},
  year={2001},
  publisher={ACS Publications}
}

@article{hu2002heat,
  title={Heat dissipation for Au particles in aqueous solution: relaxation time versus size},
  author={Hu, Min and Hartland, Gregory V},
  journal={J. Phys. Chem. B},
  volume={106},
  number={28},
  pages={7029--7033},
  year={2002},
  publisher={ACS Publications}
}

@article{huang2007effect,
  title={Effect of the lattice crystallinity on the electron-phonon relaxation rates in gold nanoparticles},
  author={Huang, Wenyu and Qian, Wei and El-Sayed, Mostafa A and Ding, Yong and Wang, Zhong Lin},
  journal={J. Phys. Chem. C},
  volume={111},
  number={29},
  pages={10751--10757},
  year={2007},
  publisher={ACS Publications}
}

@article{link2002hot,
  title={Hot electron relaxation dynamics of gold nanoparticles embedded in MgSO4 powder compared to solution: the effect of the surrounding medium},
  author={Link, Stephan and Furube, Akihiro and Mohamed, Mona B and Asahi, Tsuyoshi and Masuhara, Hiroshi and El-Sayed, Mostafa A},
  journal={J. Phys. Chem. B},
  volume={106},
  number={5},
  pages={945--955},
  year={2002},
  publisher={ACS Publications}
}

@article{shin2003comparative,
  title={Comparative investigation of energy relaxation dynamics of gold nanoparticles and gold-polypyrrole encapsulated nanoparticles},
  author={Shin, Hyun Jong and Hwang, In-Wook and Hwang, Young-Nam and Kim, Dongho and Han, Seon Hee and Lee, Jae-Suk and Cho, Gyoujin},
  journal={J. Phys. Chem. B},
  volume={107},
  number={20},
  pages={4699--4704},
  year={2003},
  publisher={ACS Publications}
}

@article{aruda2013identification,
  title={Identification of parameters through which surface chemistry determines the lifetimes of hot electrons in small Au nanoparticles},
  author={Aruda, Kenneth O and Tagliazucchi, Mario and Sweeney, Christina M and Hannah, Daniel C and Schatz, George C and Weiss, Emily A},
  journal={Proc. Natl. Acad. Sci.},
  volume={110},
  number={11},
  pages={4212--4217},
  year={2013},
  publisher={National Acad Sciences}
}

@article{scaffardi2006size,
  title={Size dependence of refractive index of gold nanoparticles},
  author={Scaffardi, Lucia B and Tocho, Jorge O},
  journal={Nanotechnology},
  volume={17},
  number={5},
  pages={1309},
  year={2006},
  publisher={IOP Publishing}
}

@article{rosei1973d,
  title={D bands position and width in gold from very low temperature thermomodulation measurements},
  author={Rosei, R and Antonangeli, F and Grassano, UM},
  journal={Surf. Sci.},
  volume={37},
  pages={689--699},
  year={1973},
  publisher={Elsevier}
}

@article{inouye1998ultrafast,
  title={Ultrafast dynamics of nonequilibrium electrons in a gold nanoparticle system},
  author={Inouye, Hideyuki and Tanaka, Koichiro and Tanahashi, Ichiro and Hirao, Kazuyuki},
  journal={Phys. Rev. B},
  volume={57},
  number={18},
  pages={11334},
  year={1998},
  publisher={APS}
}

@article{voznyy2009c,
  title={c (4$\times$ 2) structures of alkanethiol monolayers on Au (111) compatible with the constraint of dense packing},
  author={Voznyy, Oleksandr and Dubowski, Jan J},
  journal={Langmuir},
  volume={25},
  number={13},
  pages={7353--7358},
  year={2009},
  publisher={ACS Publications}
}

@article{pong2005first,
  title={First principles computational study for understanding the interactions between ssDNA and gold nanoparticles: Adsorption of methylamine on gold nanoparticulate surfaces},
  author={Pong, Boon-Kin and Lee, Jim-Yang and Trout, Bernhardt L},
  journal={Langmuir},
  volume={21},
  number={25},
  pages={11599--11603},
  year={2005},
  publisher={ACS Publications}
}

@article{pensa2012chemistry,
  title={The chemistry of the sulfur--gold interface: in search of a unified model},
  author={Pensa, Evangelina and Cortés, Emiliano and Corthey, Gastón and Carro, Pilar and Vericat, Carolina and Fonticelli, Mariano H and Benítez, Guillermo and Rubert, Aldo A and Salvarezza, Roberto C},
  journal={Acct. Chem. Res.},
  volume={45},
  number={8},
  pages={1183--1192},
  year={2012},
  publisher={ACS Publications}
}

@article{hanwell2012avogadro,
  title={Avogadro: An advanced semantic chemical editor, visualization, and analysis platform.},
  author={Hanwell, Marcus D and Curtis, Donald Ephraim and Lonie, David C and Vandermeersch, Tim and Zurek, Eva and Hutchison, Geoffrey R},
  journal={J. Cheminformatics},
  volume={4},
  number={1},
  pages={17},
  year={2012}
}

@article{lin2008electron,
  title={Electron-phonon coupling and electron heat capacity of metals under conditions of strong electron-phonon nonequilibrium},
  author={Lin, Zhibin and Zhigilei, Leonid V and Celli, Vittorio},
  journal={Phys. Rev. B},
  volume={77},
  number={7},
  pages={075133},
  year={2008},
  publisher={APS}
}

@article{poisson1837probabilite,
  title={Probabilit{\'e} des jugements en mati{\`e}re criminelle et en mati{\`e}re civile, pr{\'e}c{\'e}d{\'e}es des r{\`e}gles g{\'e}n{\'e}rales du calcul des probabiliti{\'e}s},
  author={Poisson, Sim{\'e}on Denis},
  journal={Paris, France: Bachelier},
  volume={1},
  year={1837}
}

@article{frontiera2008origin,
  title={Origin of negative and dispersive features in anti-Stokes and resonance femtosecond stimulated Raman spectroscopy},
  author={Frontiera, Renee R and Shim, Sangdeok and Mathies, Richard A},
  journal={J. Chem. Phys.},
  volume={129},
  number={6},
  pages={064507},
  year={2008},
  publisher={AIP Publishing}
}

@article{wen2013electronic,
  title = {Electronic Origin of Ultrafast Photoinduced Strain in ${\mathrm{BiFeO}}_{3}$},
  author = {Wen, Haidan and Chen, Pice and Cosgriff, Margaret P. and Walko, Donald A. and Lee, June Hyuk and Adamo, Carolina and Schaller, Richard D. and Ihlefeld, Jon F. and Dufresne, Eric M. and Schlom, Darrell G. and Evans, Paul G. and Freeland, John W. and Li, Yuelin},
  journal = {Phys. Rev. Lett.},
  volume = {110},
  issue = {3},
  pages = {037601},
  numpages = {5},
  year = {2013},
  month = {Jan},
  publisher = {American Physical Society},
  doi = {10.1103/PhysRevLett.110.037601},
  url = {http://link.aps.org/doi/10.1103/PhysRevLett.110.037601}
}


@book{adachi2009properties,
  title={Properties of semiconductor alloys: group-IV, III-V and II-VI semiconductors},
  author={Adachi, Sadao},
  volume={28},
  year={2009},
  publisher={John Wiley \& Sons}
}

@article{billaud2009stark,
  title={Stark effect of interactive electron--hole pairs in spherical semiconductor quantum dots},
  author={Billaud, Baptiste and Picco, Marco and Truong, Tuong T},
  journal={J. Phys.: Cond. Mat.},
  volume={21},
  number={39},
  pages={395302},
  year={2009},
  publisher={IOP Publishing}
}

@book{martienssen2006springer,
  title={Springer handbook of condensed matter and materials data},
  author={Martienssen, Werner and Warlimont, Hans},
  year={2006},
  publisher={Springer Science \& Business Media}
}

@book{lewis2001handbook,
  title={Handbook of Raman spectroscopy: from the research laboratory to the process line},
  author={Lewis, Ian R and Edwards, Howell},
  year={2001},
  publisher={CRC Press}
}

@article{panthani2012graphene,
  title={Graphene-supported high-resolution TEM and STEM imaging of silicon nanocrystals and their capping ligands},
  author={Panthani, Matthew G and Hessel, Colin M and Reid, Dariya and Casillas, Gilberto and José-Yacamán, Miguel and Korgel, Brian A},
  journal={J. Phys. Chem. C},
  volume={116},
  number={42},
  pages={22463--22468},
  year={2012},
  publisher={ACS Publications}
}

@article{chen2012molecular,
  title={Molecular dynamics simulation of Si nanoclusters in high rate and low temperature epitaxy},
  author={Chen, LW and Shibuta, Y and Kambara, M and Yoshida, T},
  journal={J. Appl. Phys.},
  volume={111},
  number={12},
  pages={123301},
  year={2012},
  publisher={AIP Publishing}
}

@article{jiang2013modulation,
  title={Modulation of thermal conductivity in kinked silicon nanowires: Phonon interchanging and pinching effects},
  author={Jiang, Jin-Wu and Yang, Nuo and Wang, Bing-Shen and Rabczuk, Timon},
  journal={Nano Lett.},
  volume={13},
  number={4},
  pages={1670--1674},
  year={2013},
  publisher={ACS Publications}
}

@article{zhang2011deformation,
  title={Deformation mechanisms in silicon nanoparticles},
  author={Zhang, Ning and Deng, Qian and Hong, Yu and Xiong, Liming and Li, Shi and Strasberg, Matthew and Yin, Weiqi and Zou, Yongjie and Taylor, Curtis R and Sawyer, Gregory and others},
  journal={J. Appl. Phys.},
  volume={109},
  number={6},
  pages={063534},
  year={2011},
  publisher={AIP Publishing}
}

@article{hong1998effect,
  title={Effect of hydrogen on the surface-energy anisotropy of diamond and silicon},
  author={Hong, Suklyun and Chou, MY},
  journal={Phys. Rev. B},
  volume={57},
  number={11},
  pages={6262},
  year={1998},
  publisher={APS}
}

@book{fletcher2013practical,
  title={Practical methods of optimization},
  author={Fletcher, Roger},
  year={2013},
  publisher={John Wiley \& Sons}
}

@article{gale2003general,
  title={The general utility lattice program (GULP)},
  author={Gale, Julian D and Rohl, Andrew L},
  journal={Mol. Sim.},
  volume={29},
  number={5},
  pages={291--341},
  year={2003},
  publisher={Taylor \& Francis}
}

@article{harris1983simple,
  title={A simple sum rule in Raman theory},
  author={Harris, RA and Mathies, R and Myers, A},
  journal={Chem. Phys. Lett.},
  volume={94},
  number={3},
  pages={327--330},
  year={1983},
  publisher={Elsevier}
}

@article{dolling1966thermodynamic,
  title={The thermodynamic and optical properties of germanium, silicon, diamond and gallium arsenide},
  author={Dolling, G and Cowley, RA},
  journal={Proceedings of the Physical Society},
  volume={88},
  number={2},
  pages={463},
  year={1966},
  publisher={IOP Publishing}
}

@article{goldstein1992melting,
  title={Melting in semiconductor nanocrystals},
  author={Goldstein, AN and Echer, CM and Alivisatos, AP},
  journal={Science},
  volume={256},
  number={5062},
  pages={1425--1427},
  year={1992},
  publisher={Washington, DC}
}

@article{valerini2005temperature,
  title={Temperature dependence of the photoluminescence properties of colloidal Cd Se/ Zn S core/shell quantum dots embedded in a polystyrene matrix},
  author={Valerini, D and Creti, A and Lomascolo, M and Manna, L and Cingolani, R and Anni, M},
  journal={Phys. Rev. B},
  volume={71},
  number={23},
  pages={235409},
  year={2005},
  publisher={APS}
}

@article{yang1997effect,
  title={Effect of carrier emission and retrapping on luminescence time decays in InAs/GaAs quantum dots},
  author={Yang, Weidong and Lowe-Webb, Roger R and Lee, Hao and Sercel, Peter C},
  journal={Phys. Rev. B},
  volume={56},
  number={20},
  pages={13314},
  year={1997},
  publisher={APS}
}

@article{jones2009signatures,
  title={Signatures of exciton dynamics and carrier trapping in the time-resolved photoluminescence of colloidal CdSe nanocrystals},
  author={Jones, Marcus and Lo, Shun S and Scholes, Gregory D},
  journal={J. Phys. Chem. C},
  volume={113},
  number={43},
  pages={18632--18642},
  year={2009},
  publisher={ACS Publications}
}

@misc{gao2004nanostructures,
  title={Nanostructures and nanomaterials: synthesis, properties and applications},
  author={Gao, Guozhong},
  year={2004},
  publisher={London: Imperial College Press}
}

@article{rowland2013exciton,
  title={Exciton fate in semiconductor nanocrystals at elevated temperatures: hole trapping outcompetes exciton deactivation},
  author={Rowland, Clare E and Schaller, Richard D},
  journal={J. Phys. Chem. C},
  volume={117},
  number={33},
  pages={17337--17343},
  year={2013},
  publisher={ACS Publications}
}

@article{porter2008photoconduction,
  title={Photoconduction in annealed and chemically treated CdSe/ZnS inorganic nanocrystal films},
  author={Porter, Venda J and Geyer, Scott and Halpert, Jonathan E and Kastner, Marc A and Bawendi, Moungi G},
  journal={J. Phys. Chem. C},
  volume={112},
  number={7},
  pages={2308--2316},
  year={2008},
  publisher={ACS Publications}
}

@article{talapin2009prospects,
  title={Prospects of colloidal nanocrystals for electronic and optoelectronic applications},
  author={Talapin, Dmitri V and Lee, Jong-Soo and Kovalenko, Maksym V and Shevchenko, Elena V},
  journal={Chem. Rev.},
  volume={110},
  number={1},
  pages={389--458},
  year={2009},
  publisher={ACS Publications}
}

@article{lee2011band,
  title={Band-like transport, high electron mobility and high photoconductivity in all-inorganic nanocrystal arrays},
  author={Lee, Jong-Soo and Kovalenko, Maksym V and Huang, Jing and Chung, Dae Sung and Talapin, Dmitri V},
  journal={Nat. Nano.},
  volume={6},
  number={6},
  pages={348--352},
  year={2011},
  publisher={Nature Publishing Group}
}

@article{deng2010surface,
  title={Surface Structure and Electronic Property of InP (001)-(2$\times$ 1) S Surface: A First-Principles Study},
  author={Deng-Feng, Li and Hai-Yan, Xiao and Shu-Wen, Xue and Li, Yang and Xiao-Tao, Zu},
  journal={Chin. Phys. Lett.},
  volume={27},
  number={4},
  pages={046802},
  year={2010},
  publisher={IOP Publishing}
}

@article{rowland2013thermal,
  title={Thermal Stability of Colloidal InP Nanocrystals: Small Inorganic Ligands Boost High-Temperature Photoluminescence},
  author={Rowland, Clare E and Liu, Wenyong and Hannah, Daniel C and Chan, Maria KY and Talapin, Dmitri V and Schaller, Richard D},
  journal={ACS Nano},
  volume={8},
  number={1},
  pages={977--985},
  year={2013},
  publisher={ACS Publications}
}

@article{goldstein1996melting,
  title={The melting of silicon nanocrystals: Submicron thin-film structures derived from nanocrystal precursors},
  author={Goldstein, AN},
  journal={Applied Physics A},
  volume={62},
  number={1},
  pages={33--37},
  year={1996},
  publisher={Springer}
}

@article{hirasawa2006size,
  title={Size-dependent crystallization of Si nanoparticles},
  author={Hirasawa, Makoto and Orii, Takaaki and Seto, Takafumi},
  journal={Appl. Phys. Lett.},
  volume={88},
  number={9},
  pages={093119},
  year={2006},
  publisher={AIP Publishing}
}

@article{lu2009size,
  title={Size-, shape-, and dimensionality-dependent melting temperatures of nanocrystals},
  author={Lu, HM and Li, PY and Cao, ZH and Meng, XK},
  journal={J. Phys. Chem. C},
  volume={113},
  number={18},
  pages={7598--7602},
  year={2009},
  publisher={ACS Publications}
}

@article{wautelet1991estimation,
  title={Estimation of the variation of the melting temperature with the size of small particles, on the basis of a surface-phonon instability model},
  author={Wautelet, M},
  journal={J. Phys. D.},
  volume={24},
  number={3},
  pages={343},
  year={1991},
  publisher={IOP Publishing}
}

@article{rowland2014silicon,
  title={Silicon Nanocrystals at Elevated Temperatures: Retention of Photoluminescence and Diamond Silicon to $\beta$-Silicon Carbide Phase Transition},
  author={Rowland, Clare E and Hannah, Daniel C and Demorti{\`e}re, Arnaud and Yang, Jihua and Cook, Russell E and Prakapenka, Vitali B and Kortshagen, Uwe and Schaller, Richard D},
  journal={ACS Nano},
  volume={8},
  number={9},
  pages={9219--9223},
  year={2014},
  publisher={ACS Publications}
}

@article{wautelet2003phase,
  title={On the phase diagram of non-spherical nanoparticles},
  author={Wautelet, M and Dauchot, JP and Hecq, M},
  journal={J. Phys.: Cond. Mat.},
  volume={15},
  number={21},
  pages={3651},
  year={2003},
  publisher={IOP Publishing}
}

@article{farrell2007binding,
  title={Binding energy, vapor pressure, and melting point of semiconductor nanoparticles},
  author={Farrell, HH and Van Siclen, CD},
  journal={J. Vac. Sci. Tech. B},
  volume={25},
  number={4},
  pages={1441--1447},
  year={2007},
  publisher={AVS: Science \& Technology of Materials, Interfaces, and Processing}
}

@article{schall2008elastic,
  title={Elastic constants of silicon materials calculated as a function of temperature using a parametrization of the second-generation reactive empirical bond-order potential},
  author={Schall, J David and Gao, Guangtu and Harrison, Judith A},
  journal={Phys. Rev. B},
  volume={77},
  number={11},
  pages={115209},
  year={2008},
  publisher={APS}
}

@article{murty1995empirical,
  title={Empirical interatomic potential for Si-H interactions},
  author={Murty, MV Ramana and Atwater, Harry A},
  journal={Phys. Rev. B},
  volume={51},
  number={8},
  pages={4889},
  year={1995},
  publisher={APS}
}

@article{fang2005investigation,
  title={An investigation into the melting of silicon nanoclusters using molecular dynamics simulations},
  author={Fang, Kuan-Chuan and Weng, Cheng-I},
  journal={Nanotechnology},
  volume={16},
  number={2},
  pages={250},
  year={2005},
  publisher={IOP Publishing}
}

@article{erhart2005analytical,
  title={Analytical potential for atomistic simulations of silicon, carbon, and silicon carbide},
  author={Erhart, Paul and Albe, Karsten},
  journal={Phys. Rev. B},
  volume={71},
  number={3},
  pages={035211},
  year={2005},
  publisher={APS}
}

@article{yang2015thermal,
  title={Thermal Interface Conductance Between Aluminum and Silicon by Molecular Dynamics Simulations},
  author={Yang, Nuo and Luo, Tengfei and Esfarjani, Keivan and Henry, Asegun and Tian, Zhiting and Shiomi, Junichiro and Chalopin, Yann and Li, Baowen and Chen, Gang},
  journal={J. Comp. Theo. Nano.},
  volume={12},
  number={2},
  pages={168--174},
  year={2015},
  publisher={American Scientific Publishers}
}

@article{duda2009extension,
  title={Extension of the diffuse mismatch model for thermal boundary conductance between isotropic and anisotropic materials},
  author={Duda, John C and Smoyer, Justin L and Norris, Pamela M and Hopkins, Patrick E},
  journal={Appl. Phys. Lett.},
  volume={95},
  number={3},
  pages={031912},
  year={2009},
  publisher={AIP Publishing}
}

@article{beechem2007role,
  title={Role of interface disorder on thermal boundary conductance using a virtual crystal approach},
  author={Beechem, Thomas and Graham, Samuel and Hopkins, Patrick and Norris, Pamela},
  journal={Appl. Phys. Lett.},
  volume={90},
  number={5},
  pages={054104},
  year={2007},
  publisher={AIP Publishing}
}

@article{hopkins2007effects,
  title={Effects of joint vibrational states on thermal boundary conductance},
  author={Hopkins, Patrick E and Norris, Pamela M},
  journal={Nano. Micro. Thermophys. Engr.},
  volume={11},
  number={3-4},
  pages={247--257},
  year={2007},
  publisher={Taylor \& Francis}
}

@article{cahill2003nanoscale,
  title={Nanoscale thermal transport},
  author={Cahill, David G and Ford, Wayne K and Goodson, Kenneth E and Mahan, Gerald D and Majumdar, Arun and Maris, Humphrey J and Merlin, Roberto and Phillpot, Simon R},
  journal={J. Appl. Phys.},
  volume={93},
  number={2},
  pages={793--818},
  year={2003},
  publisher={AIP Publishing}
}

@article{cahill2014nanoscale,
  title={Nanoscale thermal transport. II. 2003--2012},
  author={Cahill, David G and Braun, Paul V and Chen, Gang and Clarke, David R and Fan, Shanhui and Goodson, Kenneth E and Keblinski, Pawel and King, William P and Mahan, Gerald D and Majumdar, Arun and others},
  journal={Applied Physics Reviews},
  volume={1},
  number={1},
  pages={011305},
  year={2014},
  publisher={AIP Publishing}
}

@article{PhysRevB.79.224305,
  title = {Assessing the applicability of quantum corrections to classical thermal conductivity predictions},
  author = {Turney, J. E. and McGaughey, A. J. H. and Amon, C. H.},
  journal = {Phys. Rev. B},
  volume = {79},
  issue = {22},
  pages = {224305},
  numpages = {7},
  year = {2009},
  month = {Jun},
  publisher = {American Physical Society},
  doi = {10.1103/PhysRevB.79.224305},
  url = {http://link.aps.org/doi/10.1103/PhysRevB.79.224305}
}

@article{PhysRevB.79.224305,
  title = {Assessing the applicability of quantum corrections to classical thermal conductivity predictions},
  author = {Turney, J. E. and McGaughey, A. J. H. and Amon, C. H.},
  journal = {Phys. Rev. B},
  volume = {79},
  issue = {22},
  pages = {224305},
  numpages = {7},
  year = {2009},
  month = {Jun},
  publisher = {American Physical Society},
  doi = {10.1103/PhysRevB.79.224305},
  url = {http://link.aps.org/doi/10.1103/PhysRevB.79.224305}
}

@article{PhysRevB.86.064305,
  title = {Semiquantum molecular dynamics simulation of thermal properties and heat transport in low-dimensional nanostructures},
  author = {Savin, Alexander V. and Kosevich, Yuriy A. and Cantarero, Andres},
  journal = {Phys. Rev. B},
  volume = {86},
  issue = {6},
  pages = {064305},
  numpages = {17},
  year = {2012},
  month = {Aug},
  publisher = {American Physical Society},
  doi = {10.1103/PhysRevB.86.064305},
  url = {http://link.aps.org/doi/10.1103/PhysRevB.86.064305}
}

@article{paddock1986transient,
  title={Transient thermoreflectance from thin metal films},
  author={Paddock, Carolyn A and Eesley, Gary L},
  journal={J. Appl. Phys.},
  volume={60},
  number={1},
  pages={285--290},
  year={1986},
  publisher={AIP Publishing}
}

@article{PhysRevB.86.094303,
  title = {Thermal conductance at the interface between crystals using equilibrium and nonequilibrium molecular dynamics},
  author = {Merabia, Samy and Termentzidis, Konstantinos},
  journal = {Phys. Rev. B},
  volume = {86},
  issue = {9},
  pages = {094303},
  numpages = {16},
  year = {2012},
  month = {Sep},
  publisher = {American Physical Society},
  doi = {10.1103/PhysRevB.86.094303},
  url = {http://link.aps.org/doi/10.1103/PhysRevB.86.094303}
}

@article{PhysRevB.80.165304,
  title = {Thermal boundary resistance predictions from molecular dynamics simulations and theoretical calculations},
  author = {Landry, E. S. and McGaughey, A. J. H.},
  journal = {Phys. Rev. B},
  volume = {80},
  issue = {16},
  pages = {165304},
  numpages = {11},
  year = {2009},
  month = {Oct},
  publisher = {American Physical Society},
  doi = {10.1103/PhysRevB.80.165304},
  url = {http://link.aps.org/doi/10.1103/PhysRevB.80.165304}
}

@article{landauer1970electrical,
  title={Electrical resistance of disordered one-dimensional lattices},
  author={Landauer, Rolf},
  journal={Philosophical Magazine},
  volume={21},
  number={172},
  pages={863--867},
  year={1970},
  publisher={Taylor \& Francis}
}

@book{ziman1960electrons,
  title={Electrons and Phonons: The Theory of Transport Phenomena in Solids},
  author={Ziman, John M},
  year={1960},
  publisher={Oxford University Press}
}

@article{little1959transport,
  title={The transport of heat between dissimilar solids at low temperatures},
  author={Little, WA},
  journal={Can. J. Phys.},
  volume={37},
  number={3},
  pages={334--349},
  year={1959},
  publisher={NRC Research Press}
}

@article{RevModPhys.61.605,
  title = {Thermal boundary resistance},
  author = {Swartz, E. T. and Pohl, R. O.},
  journal = {Rev. Mod. Phys.},
  volume = {61},
  issue = {3},
  pages = {605--668},
  numpages = {0},
  year = {1989},
  month = {Jul},
  publisher = {American Physical Society},
  doi = {10.1103/RevModPhys.61.605},
  url = {http://link.aps.org/doi/10.1103/RevModPhys.61.605}
}

@article{PhysRev.113.1046,
  title = {Model for Lattice Thermal Conductivity at Low Temperatures},
  author = {Callaway, Joseph},
  journal = {Phys. Rev.},
  volume = {113},
  issue = {4},
  pages = {1046--1051},
  numpages = {0},
  year = {1959},
  month = {Feb},
  publisher = {American Physical Society},
  doi = {10.1103/PhysRev.113.1046},
  url = {http://link.aps.org/doi/10.1103/PhysRev.113.1046}
}

@article{liu2006thermal,
  title={Thermal conduction in nanocrystalline diamond films: Effects of the grain boundary scattering and nitrogen doping},
  author={Liu, WL and Shamsa, M and Calizo, I and Balandin, AA and Ralchenko, V and Popovich, A and Saveliev, A},
  journal={Appl. Phys. Lett.},
  volume={89},
  number={17},
  pages={171915--171915},
  year={2006},
  publisher={New York [etc.] American Institute of Physics.}
}

@article{klimov2000mechanisms,
  title={Mechanisms for intraband energy relaxation in semiconductor quantum dots: The role of electron-hole interactions},
  author={Klimov, VI and Mikhailovsky, AA and McBranch, DW and Leatherdale, CA and Bawendi, MG},
  journal={Phys. Rev. B},
  volume={61},
  number={20},
  pages={R13349},
  year={2000},
  publisher={APS}
}

@article{wehrenberg2002interband,
  title={Interband and intraband optical studies of PbSe colloidal quantum dots},
  author={Wehrenberg, Brian L and Wang, Congjun and Guyot-Sionnest, Philippe},
  journal={J. Phys. Chem. B},
  volume={106},
  number={41},
  pages={10634--10640},
  year={2002},
  publisher={ACS Publications}
}

@article{harbold2005time,
  title={Time-resolved intraband relaxation of strongly confined electrons and holes in colloidal PbSe nanocrystals},
  author={Harbold, Jeffrey M and Du, Hui and Krauss, Todd D and Cho, Kyung-Sang and Murray, Chris B and Wise, Frank W},
  journal={Phys. Rev. B},
  volume={72},
  number={19},
  pages={195312},
  year={2005},
  publisher={APS}
}

@article{scholes2006excitons,
  title={Excitons in nanoscale systems},
  author={Scholes, Gregory D and Rumbles, Garry},
  journal={Nat. Mater.},
  volume={5},
  number={9},
  pages={683--696},
  year={2006},
  publisher={Nature Publishing Group}
}

@article{kim2009exciton,
  title={Exciton fine structure and spin relaxation in semiconductor colloidal quantum dots},
  author={Kim, Jeongho and Wong, Cathy Y and Scholes, Gregory D},
  journal={Acct. Chem. Res.},
  volume={42},
  number={8},
  pages={1037--1046},
  year={2009},
  publisher={ACS Publications}
}

@article{efros1982interband,
  title={Interband absorption of light in a semiconductor sphere},
  author={Efros, Al L and Efros, Al L},
  journal={Soviet Physics Semiconductors - USSR},
  volume={16},
  number={7},
  pages={772--775},
  year={1982},
  publisher={AMER INST PHYSICS CIRCULATION FULFILLMENT DIV, 500 SUNNYSIDE BLVD, WOODBURY, NY 11797-2999}
}

@article{brus1986electronic,
  title={Electronic wave functions in semiconductor clusters: experiment and theory},
  author={Brus, Louis},
  journal={J. Phys. Chem.},
  volume={90},
  number={12},
  pages={2555--2560},
  year={1986},
  publisher={ACS Publications}
}

@article{benisty1991intrinsic,
  title={Intrinsic mechanism for the poor luminescence properties of quantum-box systems},
  author={Benisty, H and Sotomayor-Torres, CM and Weisbuch, C},
  journal={Phys. Rev. B},
  volume={44},
  number={19},
  pages={10945},
  year={1991},
  publisher={APS}
}

@article{bockelmann1990phonon,
  title={Phonon scattering and energy relaxation in two-, one-, and zero-dimensional electron gases},
  author={Bockelmann, U and Bastard, G},
  journal={Phys. Rev. B},
  volume={42},
  number={14},
  pages={8947},
  year={1990},
  publisher={APS}
}

@article{nozik2001spectroscopy,
  title={Spectroscopy and hot electron relaxation dynamics in semiconductor quantum wells and quantum dots},
  author={Nozik, Arthur J},
  journal={Ann. Rev. Phys. Chem.},
  volume={52},
  number={1},
  pages={193--231},
  year={2001},
  publisher={Annual Reviews 4139 El Camino Way, PO Box 10139, Palo Alto, CA 94303-0139, USA}
}

@article{pandey2008slow,
  title={Slow electron cooling in colloidal quantum dots},
  author={Pandey, Anshu and Guyot-Sionnest, Philippe},
  journal={Science},
  volume={322},
  number={5903},
  pages={929--932},
  year={2008},
  publisher={American Association for the Advancement of Science}
}

@article{guyot2005intraband,
  title={Intraband relaxation in CdSe nanocrystals and the strong influence of the surface ligands.},
  author={Guyot-Sionnest, Philippe and Wehrenberg, Brian and Yu, Dong},
  journal={J. Chem. Phys.},
  volume={123},
  number={7},
  pages={074709--074709},
  year={2005}
}

@article{drndic2002transport,
  title={Transport properties of annealed CdSe colloidal nanocrystal solids},
  author={Drndi{\'c}, M and Jarosz, MV and Morgan, NY and Kastner, MA and Bawendi, MG},
  journal={J. Appl. Phys.},
  volume={92},
  number={12},
  pages={7498--7503},
  year={2002},
  publisher={AIP Publishing}
}

@article{cahill2014nanoscale,
  title={Nanoscale thermal transport. II. 2003--2012},
  author={Cahill, David G and Braun, Paul V and Chen, Gang and Clarke, David R and Fan, Shanhui and Goodson, Kenneth E and Keblinski, Pawel and King, William P and Mahan, Gerald D and Majumdar, Arun and others},
  journal={Applied Physics Reviews},
  volume={1},
  number={1},
  pages={011305},
  year={2014},
  publisher={AIP Publishing}
}

@article{france2014atomistic,
  title={Atomistic amorphous/crystalline interface modelling for superlattices and core/shell nanowires},
  author={France-Lanord, Arthur and Blandre, Etienne and Albaret, Tristan and Merabia, Samy and Lacroix, David and Termentzidis, Konstantinos},
  journal={J. Phys.: Cond. Mat.},
  volume={26},
  number={5},
  pages={055011},
  year={2014},
  publisher={IOP Publishing}
}

@article{merabia2014thermal,
  title={Thermal boundary conductance across rough interfaces probed by molecular dynamics},
  author={Merabia, Samy and Termentzidis, Konstantinos},
  journal={Phys. Rev. B},
  volume={89},
  number={5},
  pages={054309},
  year={2014},
  publisher={APS}
}

@article{maznev2015boundary,
  title={Boundary scattering of phonons: Specularity of a randomly rough surface in the small-perturbation limit},
  author={Maznev, AA},
  journal={Phys. Rev. B},
  volume={91},
  number={13},
  pages={134306},
  year={2015},
  publisher={APS}
}

@article{PhysRevLett.77.3865,
  title = {Generalized Gradient Approximation Made Simple},
  author = {Perdew, John P. and Burke, Kieron and Ernzerhof, Matthias},
  journal = {Phys. Rev. Lett.},
  volume = {77},
  issue = {18},
  pages = {3865--3868},
  numpages = {0},
  year = {1996},
  month = {Oct},
  publisher = {American Physical Society},
  doi = {10.1103/PhysRevLett.77.3865},
  url = {http://link.aps.org/doi/10.1103/PhysRevLett.77.3865}
}

@article{cohen2008insights,
  title={Insights into current limitations of density functional theory},
  author={Cohen, Aron J and Mori-S{\'a}nchez, Paula and Yang, Weitao},
  journal={Science},
  volume={321},
  number={5890},
  pages={792--794},
  year={2008},
  publisher={American Association for the Advancement of Science}
}

@article{PhysRevLett.100.146401,
  title = {Localization and Delocalization Errors in Density Functional Theory and Implications for Band-Gap Prediction},
  author = {Mori-S\'anchez, Paula and Cohen, Aron J. and Yang, Weitao},
  journal = {Phys. Rev. Lett.},
  volume = {100},
  issue = {14},
  pages = {146401},
  numpages = {4},
  year = {2008},
  month = {Apr},
  publisher = {American Physical Society},
  doi = {10.1103/PhysRevLett.100.146401},
  url = {http://link.aps.org/doi/10.1103/PhysRevLett.100.146401}
}

@article{lee2009colloidal,
  title={Colloidal synthesis of infrared-emitting germanium nanocrystals},
  author={Lee, Doh C and Pietryga, Jeffrey M and Robel, Istvan and Werder, Donald J and Schaller, Richard D and Klimov, Victor I},
  journal={J. Am. Chem. Soc.},
  volume={131},
  number={10},
  pages={3436--3437},
  year={2009},
  publisher={ACS Publications}
}

@article{wheeler2013tunable,
  title={Tunable Band Gap Emission and Surface Passivation of Germanium Nanocrystals Synthesized in the Gas Phase},
  author={Wheeler, Lance M and Levij, Laszlo M and Kortshagen, Uwe R},
  journal={J. Phys. Chem. Lett.},
  volume={4},
  number={20},
  pages={3392--3396},
  year={2013},
  publisher={ACS Publications}
}

@article{wheeler2013tunable,
  title={Tunable Band Gap Emission and Surface Passivation of Germanium Nanocrystals Synthesized in the Gas Phase},
  author={Wheeler, Lance M and Levij, Laszlo M and Kortshagen, Uwe R},
  journal={J. Phys. Chem. Lett.},
  volume={4},
  number={20},
  pages={3392--3396},
  year={2013},
  publisher={ACS Publications}
}

@article{PhysRevB.34.362,
  title = {Germanium at high pressures},
  author = {Menoni, Carmen S. and Hu, Jing Zhu and Spain, Ian L.},
  journal = {Phys. Rev. B},
  volume = {34},
  issue = {1},
  pages = {362--368},
  numpages = {0},
  year = {1986},
  month = {Jul},
  publisher = {American Physical Society},
  doi = {10.1103/PhysRevB.34.362},
  url = {http://link.aps.org/doi/10.1103/PhysRevB.34.362}
}

@article{anderson1989anharmonicity,
  title={Anharmonicity and the equation of state for gold},
  author={Anderson, Orson L and Isaak, Donald G and Yamamoto, Shigeru},
  journal={J. Appl. Phys.},
  volume={65},
  number={4},
  pages={1534--1543},
  year={1989},
  publisher={AIP Publishing}
}

@article{grunwald2006mechanisms,
  title={Mechanisms of the wurtzite to rocksalt transformation in CdSe nanocrystals},
  author={Gr{\"u}nwald, Michael and Rabani, Eran and Dellago, Christoph},
  journal={Phys. Rev. Lett.},
  volume={96},
  number={25},
  pages={255701},
  year={2006},
  publisher={APS}
}

@article{grünwald2009nucleation,
  title={Nucleation and growth in structural transformations of nanocrystals},
  author={Grünwald, Michael and Dellago, Christoph},
  journal={Nano Lett.},
  volume={9},
  number={5},
  pages={2099--2102},
  year={2009},
  publisher={ACS Publications}
}

@article{grunwald2009transition,
  title={Transition state analysis of solid-solid transformations in nanocrystals},
  author={Gr{\"u}nwald, Michael and Dellago, Christoph},
  journal={J. Chem. Phys.},
  volume={131},
  number={16},
  pages={164116},
  year={2009},
  publisher={AIP Publishing}
}

@article{grünwald2012metastability,
  title={Metastability in pressure-induced structural transformations of CdSe/ZnS core/shell nanocrystals},
  author={Grünwald, Michael and Lutker, Katie and Alivisatos, A Paul and Rabani, Eran and Geissler, Phillip L},
  journal={Nano Lett.},
  volume={13},
  number={4},
  pages={1367--1372},
  year={2012},
  publisher={ACS Publications}
}

@article{durandurdu2008diamond,
  title={Diamond to $\beta$-Sn phase transition of silicon under hydrostatic and nonhydrostatic compressions},
  author={Durandurdu, Murat},
  journal={J. Phys.: Cond. Mat.},
  volume={20},
  number={32},
  pages={325232},
  year={2008},
  publisher={IOP Publishing}
}

@article{PhysRevB.50.14952,
  title = {Ideal crystal stability and pressure-induced phase transition in silicon},
  author = {Mizushima, Kazuki and Yip, Sidney and Kaxiras, Efthimios},
  journal = {Phys. Rev. B},
  volume = {50},
  issue = {20},
  pages = {14952--14959},
  numpages = {0},
  year = {1994},
  month = {Nov},
  publisher = {American Physical Society},
  doi = {10.1103/PhysRevB.50.14952},
  url = {http://link.aps.org/doi/10.1103/PhysRevB.50.14952}
}

@article{li2009nucleation,
  title={Nucleation of tetrahedral solids: A molecular dynamics study of supercooled liquid silicon},
  author={Li, Tianshu and Donadio, Davide and Galli, Giulia},
  journal={J. Chem. Phys.},
  volume={131},
  number={22},
  pages={224519},
  year={2009},
  publisher={AIP Publishing}
}

@article{PhysRevB.28.784,
  title = {Bond-orientational order in liquids and glasses},
  author = {Steinhardt, Paul J. and Nelson, David R. and Ronchetti, Marco},
  journal = {Phys. Rev. B},
  volume = {28},
  issue = {2},
  pages = {784--805},
  numpages = {0},
  year = {1983},
  month = {Jul},
  publisher = {American Physical Society},
  doi = {10.1103/PhysRevB.28.784},
  url = {http://link.aps.org/doi/10.1103/PhysRevB.28.784}
}

@article{wittenberg2014real,
author = {Wittenberg, Joshua S. and Miller, Timothy A. and Szilagyi, Erzsi and Lutker, Katie and Quirin, Florian and Lu, Wei and Lemke, Henrik and Zhu, Diling and Chollet, Matthieu and Robinson, Joseph and Wen, Haidan and Sokolowski-Tinten, Klaus and Alivisatos, A. Paul and Lindenberg, Aaron M.},
title = {Real-Time Visualization of Nanocrystal Solid–Solid Transformation Pathways},
journal = {Nano Letters},
volume = {14},
number = {4},
pages = {1995-1999},
year = {2014},
doi = {10.1021/nl500043c},

URL = { 
        http://dx.doi.org/10.1021/nl500043c
    
},
eprint = { 
        http://dx.doi.org/10.1021/nl500043c
    
}

}

@article{tolbert1994size,
  title={Size dependence of a first order solid-solid phase transition: the wurtzite to rock salt transformation in CdSe nanocrystals},
  author={Tolbert, SH and Alivisatos, AP},
  journal={Science},
  volume={265},
  number={5170},
  pages={373--376},
  year={1994},
  publisher={American Association for the Advancement of Science}
}

@article{jorgensen1988opls,
  title={The OPLS [optimized potentials for liquid simulations] potential functions for proteins, energy minimizations for crystals of cyclic peptides and crambin},
  author={Jorgensen, William L and Tirado-Rives, Julian},
  journal={J. Am. Chem. Soc.},
  volume={110},
  number={6},
  pages={1657--1666},
  year={1988},
  publisher={ACS Publications}
}